2476 3848
468 165 705 230 -469-

86 325 175 404 tione
202 344 311 389 rerum
332 325 461 406 vacent,
488 345 531 387 an
553 325 667 388 contra
693 321 734 387 ab
761 311 801 386 iis
830 325 905 387 111
931 321 1089 407 principio

87 412 197 477 omnia
217 411 306 476 facta
328 414 361 476 et
384 410 562 476 constituta
579 410 645 475 sint
664 413 697 474 et
715 410 756 474 ad
775 409 938 474 infinitum
960 412 1089 510 tempus

87 503 242 585 regantur
265 503 362 584 atquc
380 501 580 582 moveantur,
601 497 767 582 inprimis
790 518 911 582 magna
933 497 1089 562 dissensio

87 591 150 671 est,
181 609 282 670 caque
307 587 372 653 nisi
395 586 600 669 diiudicatur,
625 585 660 650 in
682 608 808 651 summo
832 606 939 650 errore
960 605 1090 650 necesse

87 679 138 740 est
159 675 306 741 homines
334 679 431 759 atque
457 675 493 740 in
514 674 729 740 maximarum
751 695 859 738 rerum
884 673 1089 758 ignoratione

86 763 219 830 versari.
259 761 341 827 Sunt
359 763 445 828 enim
463 762 651 847 philosophi
669 765 702 827 et
722 762 862 845 fuerunt,
885 761 940 845 qui
959 741 1125 867 omnino}

86 853 211 916 nullam
232 851 354 916 habere
381 854 548 916 censerent
569 872 677 915 rerum
703 849 919 915 humanarum
940 870 1090 934 procura·

86 941 210 1004 tionem
233 939 317 1003 deos.
350 937 493 1014 Quorum
512 939 541 1003 si
557 960 635 1004 vera
654 939 814 1004 sententia
832 940 892 1022 est,
915 960 997 1021 quae
1020 940 1090 1020 pot-

88 1032 138 1093 est
168 1048 237 1092 esse
266 1027 385 1111 pietas,
408 1047 490 1109 quae
520 1026 689 1111 sanctitas,
714 1048 795 1109 quae
822 1025 960 1110 religio?
1000 1025 1090 1090 Haec

88 1116 174 1180 enim
201 1114 310 1179 omnia
335 1135 415 1198 pure
444 1117 542 1197 atque
568 1118 656 1180 caste
685 1114 857 1179 tribuenda
879 1114 1012 1179 deorum
1033 1135 1090 1178 nu-

87 1203 168 1268 mini
194 1202 242 1268 ita
269 1205 359 1286 sunt,
387 1201 415 1266 si
442 1201 743 1269 animadvertuntur
770 1201 810 1267 ab
840 1202 894 1285 iis,
922 1206 955 1266 et
983 1202 1011 1266 si
1040 1203 1090 1266 est

60 1295 61 1298 ’
88 1291 210 1374 aliquid
233 1312 253 1354 a
271 1289 338 1354 deis
360 1289 588 1354 inmortalibus
607 1289 774 1353 hominum
793 1289 904 1374 generi
921 1290 1089 1353 tributum.

88 1377 145 1442 Sin
173 1381 282 1442 autem
309 1377 360 1442 dei
387 1398 490 1461 neque
519 1380 657 1461 possunt
679 1398 739 1441 nos
761 1376 872 1442 iuvare
894 1398 953 1441 nec
975 1377 1090 1441 volunt

86 1488 146 1531 noc
169 1466 299 1531 omnino
322 1468 435 1530 curant
456 1485 529 1548 neo,
552 1464 629 1548 quid
652 1485 797 1550 agamus,
819 1463 1090 1547 animadvertunt,

87 1575 147 1619 nec
173 1557 236 1637 est,
263 1553 349 1637 quod
376 1552 417 1617 ab
445 1551 486 1616 iis
514 1552 555 1616 ad
576 1552 745 1618 hominum
771 1552 874 1617 vitam
900 1572 1090 1635 permanare

87 1642 205 1726 possit,
228 1641 305 1725 quid
332 1640 490 1724 estquod
515 1640 601 1704 ullos
630 1640 697 1705 deis
723 1638 952 1704 inmortalibus
975 1640 1090 1723 cultus,

88 1729 240 1813 honores,
270 1750 381 1813 preces
404 1727 636 1793 adhibeamus?
675 1726 716 1792 In
738 1727 842 1812 specie
865 1731 974 1792 autem
996 1727 1091 1792 fictae

89 1816 320 1900 simulationis,
353 1817 436 1881 sicut
458 1816 601 1899 reliquae
624 1815 775 1899 virtutes,
803 1815 883 1880 item
911 1815 1015 1900 pietas
1044 1813 1090 1879 in·

88 1927 159 1970 esse
185 1926 252 1971 non
277 1907 400 1988 potest,
428 1926 500 1969 oum
522 1925 587 1987 qua
609 1903 706 1969 simul
734 1903 941 1969 sanctitatem
964 1907 997 1967 et
1019 1902 1091 1967 reli-

90 1993 220 2078 gionem
246 1993 322 2056 tolli
347 2014 477 2058 neccsse
500 1995 563 2076 est,
586 1991 702 2075 quibus
726 1993 864 2057 sublatis
886 1991 1089 2077 perturbatio

88 2081 176 2145 vitae
209 2081 354 2164 sequitur
386 2084 419 2145 et
445 2082 566 2165 magna
592 2079 751 2164 confusi03
787 2084 883 2164 atque
909 2080 997 2145 haud
1023 2079 1126 2148 scios

89 2189 132 2231 an
152 2168 274 2251 pietate
297 2167 450 2232 adversus
474 2168 550 2232 deos
571 2169 702 2233 sublata
723 2167 802 2233 fides
821 2169 972 2234 etiamst
994 2168 1091 2234 socie-

88 2258 140 2318 tas
164 2254 290 2339 generis
311 2254 446 2320 humani
469 2258 502 2320 11
523 2277 588 2320 una
615 2255 885 2322 excellentissima
906 2257 1024 2340 virtus,
1045 2257 1092 2321 iu-

89 2341 190 2426 stitia,
211 2342 357 2407 tollatur.
393 2340 475 2407 Sunt
498 2346 607 2425 autem
625 2344 683 2408 alii
704 2343 899 2428 philosophi,
922 2347 955 2409 et
977 2345 1001 2408 ii
1024 2344 1092 2427 qui-

90 2431 162 2494 dem
189 2429 301 2514 magni
330 2433 427 2513 11111
453 2430 594 2514 nobiles,
621 2432 678 2515 qui
700 2431 833 2496 deorum
859 2435 966 2496 mente
994 2434 1091 2514 atque

88 2517 214 2583 ratione
233 2539 360 2618 omnem
378 2519 533 2583 mundum
553 2519 774 2584 administrari
791 2522 825 2583 et
842 2519 913 2604 regi
931 2523 1091 2603 censeant,

87 2606 586 2778 lttt⁶0tlzttt³⁰lltattl
609 2606 1092 2780 {ttltllgthlttttl

90 2803 171 2864 quae
193 2784 283 2846 terra
304 2782 421 2866 pariat,
444 2785 476 2847 et
498 2786 710 2868 tempestates
726 2804 763 2848 ac
785 2785 969 2867 temporum
990 2783 1091 2848 varie

88 2872 175 2933 tates
203 2869 346 2952 caelique
373 2869 583 2954 mutationes,
607 2870 723 2955 quibus
747 2870 869 2953 omnia,
896 2892 977 2953 quae
1004 2873 1093 2935 terra

89 2956 214 3041 gignat,
236 2960 401 3022 maturata
418 2958 606 3042 pubescant,
630 2981 650 3023 a
668 2957 716 3023 dis
739 2957 967 3023 inmortalibus
990 2958 1093 3022 tribui

89 3044 200 3128 generi
220 3043 364 3110 humano
382 3049 499 3130 putant
522 3047 697 3130 multaque,
720 3068 801 3129 quae
820 3045 966 3111 dicentur
983 3046 1018 3110 in
1040 3047 1091 3111 his

88 3131 195 3216 libris,
228 3132 401 3218 colligunt,
429 3156 511 3217 quae
532 3134 614 3200 talia
637 3137 724 3217 sunt,
752 3137 789 3199 ut
812 3156 850 3199 11
878 3134 951 3220 ipsa
973 3135 1024 3199 dei
1046 3137 1092 3199 in-

89 3218 244 3285 mortales
268 3219 309 3285 ad
330 3242 426 3286 usum
441 3220 610 3288 hominum
627 3221 778 3287 fabricati
794 3244 897 3306 paene
914 3223 1092 3289 videantur.

90 3306 212 3372 Contra
244 3329 325 3392 quos
357 3306 538 3375 Carneades
569 3311 618 3376 ita
646 3310 752 3375 multa
781 3310 946 3395 disseruit,
974 3314 1012 3376 ut
1042 3334 1092 3376 ex·

89 3396 205 3461 citaret
235 3395 383 3462 homines
414 3419 481 3464 non
516 3399 665 3464 socordes
701 3396 742 3462 ad
772 3398 841 3464 veri
873 3398 1092 3483 investigandi

88 3484 310 3569 cupiditatem
354 3484 419 3551 Res
447 3486 533 3551 enim
559 3487 651 3552 nulla
677 3489 740 3570 est,
767 3485 806 3551 de
828 3509 894 3572 qua
922 3490 1128 3572 tantoperet
1160 3496 1164 3569 f
