2476 3848
533 160 771 227 -396—

149 329 187 389 ut
214 323 348 389 vidisset
375 326 408 387 et
435 323 643 387 salutavisset
669 322 917 406 honorificisque
945 320 1050 386 verbis
1081 345 1157 405 pro·

152 416 279 478 secutus
302 415 387 476 esset
410 411 606 494 molesteque
630 431 664 474 se
694 409 827 474 dixisset
850 410 946 493 ferre,
974 409 1058 493 quod
1082 431 1157 475 eum

150 523 215 566 non
233 502 345 583 posset
361 498 484 581 audire,
503 500 537 562 at
522 497 622 562 tilla.
647 497 714 562 Τιι
732 496 837 562 vero'
841 460 988 598 ,tinqdit,
1012 496 1158 581 potes,

149 588 488 669 neccommittam,
519 589 559 649 ut
582 585 690 651 dolor
718 586 892 669 corporis
920 584 1085 665 efficiat,
1114 591 1158 651 ut

149 677 299 740 frustra
320 678 453 739 tantus
476 675 534 738 vir
558 673 602 737 ad
624 695 680 737 me
702 672 875 738 venerit'
911 673 1025 757 Itaque
1045 696 1157 739 narra·

150 765 209 828 bat
236 784 309 827 eum
336 762 478 847 graviter
506 767 538 824 et
565 761 693 844 copiose
716 761 754 826 de
781 761 875 826 hoc
865 783 949 845 ipso,
976 761 1061 825 nihil
1084 784 1157 828 esse

150 851 284 929 bonum,
306 851 371 914 nisi
394 850 478 932 quod
501 851 586 912 esset
607 848 793 930 honestum,
817 849 987 914 cubantem
1010 848 1157 933 disputa-

151 941 250 1021 visse,
283 958 416 1020 cumque
448 937 540 1020 quasi
566 935 654 1000 foces
687 937 716 1000 ei
748 937 866 1002 doloris
899 937 1156 1019 admoverentur,

152 1047 246 1109 saepe
277 1025 407 1089 dixisse.
450 1023 574 1088 Nihil
606 1025 704 1109 agis,
740 1024 862 1090 dolori
894 1026 1067 1108 quamvis
1099 1027 1155 1091 sis

98 1111 1158 1307 2⁶m⁰tll30l2¹¹lllltlt⁰ltotlttllltltllt:

98 1257 255 1354 62dendo
284 1289 367 1354 finnt
394 1289 491 1353 etiam
515 1288 712 1353 tolerabiles.
747 1287 951 1371 Videmusne,
970 1289 1055 1371 apud
1074 1311 1155 1373 quos

113 1452 114 1455 Ἴ
151 1399 261 1442 eorum
295 1378 455 1454 ludorum,
493 1376 547 1460 qui
569 1376 735 1477 gymnici
761 1377 930 1441 nominant
932 1399 982 1458 ur,
1017 1397 1155 1462 magnus

150 1465 253 1529 honos
277 1464 333 1547 sit,
354 1427 480 1529 nulluin
502 1465 588 1528 ab''
566 1486 621 1546 us,
648 1464 703 1547 qui
726 1464 760 1527 in
781 1462 814 1527 id
843 1468 1004 1528 certamen
1026 1465 1154 1530 descen

151 1552 242 1636 dant,
264 1552 400 1617 devitari
423 1552 586 1616 dolorem?
615 1551 699 1635 apud
727 1573 807 1636 quos
831 1556 939 1616 autem
961 1553 1099 1616 venandi
1123 1558 1162 1626 et,

151 1639 315 1725 equitandi
352 1640 422 1704 laus
461 1640 565 1723 viget,
602 1640 657 1723 qui
692 1638 781 1703 hanc·
809 1642 992 1723 petessunt,
1028 1641 1154 1706 nullum

143 1728 280 1812 'fugiunt
302 1727 453 1792 dolorem.
499 1727 582 1803 Quid
605 1727 643 1790 de
665 1728 785 1791 nostris
808 1727 1053 1810 ambitionibus,
1076 1729 1154 1812 quid

151 1816 189 1879 de
212 1815 389 1898 cupiditate
411 1815 570 1879 honorum
593 1815 729 1898 loquar?
752 1837 833 1900 quae
856 1815 987 1880 flamme
1009 1819 1072 1898 est,
1094 1838 1154 1899 per

151 1925 247 1987 quam
274 1925 340 1967 non
368 1903 566 1967 cucurrerint
592 1902 629 1984 ii,
659 1903 714 1986 qui
736 1902 815 1967 haec
838 1903 915 1966 olim
938 1903 1064 1986 punctis
1088 1904 1153 1966 sin·

150 1991 234 2074 gulis
249 1989 468 2073 colligebant?
500 1989 614 2072 Itaque
630 2010 754 2073 semper
769 1990 940 2055 Africanus
955 1988 1154 2056 Socraticum

149 2077 394 2159 Xenophontem
423 2077 458 2140 in
486 2077 635 2141 manibus
666 2077 821 2160 habebat,
853 2080 942 2144 cuius
975 2080 1009 2142 in
1040 2080 1154 2163 primis

150 2164 304 2228 laudabat
322 2164 412 2247 illud,
433 2164 518 2247 quod
536 2164 658 2230 diceret
676 2168 804 2231 eosdem
822 2167 949 2232 labores
968 2189 1035 2231 non
1053 2189 1154 2252 aeque

151 2253 260 2336 gravis
298 2274 367 2316 esse
398 2253 587 2335 imperatori
619 2257 652 2318 ct
682 2255 793 2338 militi,
828 2256 913 2339 quod
944 2256 1013 2339 ipse
1049 2255 1154 2320 honos

98 2363 130 2411 cs
149 2340 295 2406 laborem
322 2340 476 2404 leviorem
502 2341 624 2406 laceret
652 2341 903 2426 imperatorium.
953 2341 1015 2407 Sed
1043 2346 1155 2409 tamen

149 2427 210 2493 hoc
239 2429 357 2512 evenit,
385 2430 482 2492 utin
509 2430 624 2514 volgus
651 2430 872 2513 insipientium
905 2431 1014 2514 opinio
1046 2433 1155 2496 valeat

148 2515 342 2599 honestetis,
373 2538 445 2581 cum
476 2517 580 2601 ipsam
611 2517 719 2582 videre
751 2539 818 2582 non
851 2520 987 2601 possint.
1040 2518 1154 2603 Itaque

148 2605 237 2668 fama
265 2608 297 2669 et
323 2604 540 2669 multitudinis
568 2604 685 2669 iudicio
715 2609 896 2689 moventur,
928 2629 1000 2670 cum
1031 2607 1063 2670 id
1095 2606 1154 2671 ho

148 2698 277 2757 nestum
299 2695 426 2775 putent,
450 2693 535 2776 quod
554 2715 573 2755 a
590 2693 751 2777 plerisque
774 2694 929 2758 laudetur.
965 2693 1010 2758 Te
1033 2698 1153 2778 autem,

150 2782 178 2845 si
200 2781 236 2845 in
259 2780 360 2846 oculis
384 2780 428 2843 sis
452 2779 681 2858 multitudinis,
704 2785 814 2844 tamen
837 2782 905 2845 eius
928 2782 1045 2847 iudicio
1065 2786 1153 2847 stare

148 2869 248 2933 nolim
266 2889 338 2951 nec,
357 2868 442 2951 quod
459 2868 518 2931 illa
534 2871 640 2951 putet,
658 2867 743 2932 idem
761 2873 874 2952 putare
892 2869 1153 2952 pulcherrimum.

149 2955 218 3020 Tuo
246 2955 307 3019 tibi
335 2955 452 3019 iudicio
481 2959 531 3019 est
557 2955 723 3039 utendum,
752 2956 812 3020 tibi
842 2958 870 3021 si
891 2961 981 3022 recta
1001 2958 1155 3041 probanti

148 3043 303 3125 placebis,
325 3047 395 3106 tum
413 3064 478 3106 non
496 3043 591 3108 modo
615 3047 680 3108 tete
704 3044 832 3122 viceris,
855 3044 940 3128 quod
962 3045 1058 3129 paulo
1078 3051 1154 3111 ante

98 3154 130 3200 54
148 3130 399 3214 praecipiebam,
428 3129 483 3194 sed
510 3132 614 3196 omnis
643 3136 675 3196 et
702 3133 817 3197 omnia.
861 3131 933 3198 Hoc
960 3133 1062 3218 igitur
1091 3134 1154 3199 tibi

147 3238 304 3299 propone,
328 3218 443 3301 amplit
429 3218 573 3283 tudinem
592 3219 692 3283 animi
711 3224 743 3284 et
765 3222 857 3323 quasi
878 3223 1038 3306 quandam
1058 3243 1154 3324 euag-

148 3392 269 3460 eminet
291 3395 366 3457 cont
351 3392 532 3458 temnendis
555 3399 587 3459 et
610 3395 822 3480 despiciendis
846 3360 1028 3480 doloribus,
1055 3421 1155 3463 unam

149 3305 361 3388 gerationcm
384 3328 479 3389 quam
516 3307 707 3372 altissimam
745 3309 856 3395 animi,
896 3331 978 3393 quae
1015 3309 1157 3376 maxime

71 3348 117 3629 ,
147 3501 217 3546 esse
246 3480 387 3545 omnium
416 3504 485 3546 rem
512 3482 773 3568 pulcherrimam,
801 3506 901 3570 eoque
925 3449 1157 3572 pulchriorem,
