2476 3848
520 172 761 237 -266-

142 362 211 406 essa
235 339 265 404 ei
287 361 360 404 cum
378 339 549 403 honestata
567 337 758 402 coniunctio.
789 335 885 421 Nam,
908 340 945 401 ut
963 337 1151 404 tribuamus

142 427 265 512 aliquid
286 426 462 512 voluptati,
489 425 687 491 condimenti
707 424 848 490 fortasse
870 447 937 490 non
958 425 1058 509 nihil,
1088 427 1153 492 uti-

141 516 245 580 litatis
269 519 355 580 certe
377 515 460 578 nihil
483 514 627 578 habebit.

91 619 139 668 121
208 603 317 667 Habes
342 625 362 666 a
381 606 475 687 patre
493 624 619 685 munuc,
637 600 745 666 Marce
763 600 820 680 fili,
838 623 911 665 mea
930 600 1060 684 quidem
1079 623 1151 667 sen-

142 691 246 755 tentia
268 712 431 775 magnum,
455 689 512 754 sed
534 689 665 774 perinde
684 689 755 772 erit,
776 692 814 753 ut
832 688 1003 773 acceperis.
1031 688 1151 764 Quam-

143 801 241 862 quam
263 778 298 842 hi
321 778 383 842 tibi
410 782 477 841 tres
505 777 582 841 libri
611 777 696 841 inter
719 775 868 862 Cratippi
898 777 1151 842 commentarios

142 870 309 949 tamquam
337 866 482 951 hospites
511 868 604 932 erunt
631 864 818 949 recipiendi3
846 864 915 947 sed,
947 868 997 948 ut,
1030 864 1058 928 si
1080 865 1151 950 ipse

142 954 302 1018 venissem
321 953 467 1017 Athenas
492 950 593 1038 (quod
613 951 742 1036 quidem
762 956 847 1017 esset
864 951 997 1035 factum,
1015 952 1080 1016 nisi
1099 975 1151 1018 me

143 1063 160 1106 e
183 1040 288 1106 medio
307 1063 403 1106 cursu
421 1042 510 1105 clara
527 1062 606 1105 voce
624 1040 733 1125 patria
746 1037 953 1123 revocasset),
974 1040 1149 1122 aliquando

142 1149 194 1193 me
218 1149 344 1212 quoque
368 1128 508 1211 audineo,
532 1128 591 1212 sic,
614 1128 768 1210 quoniam
790 1128 841 1192 his
864 1128 1085 1193 voluminibus
1109 1128 1151 1192 ad

142 1218 175 1280 te
198 1216 345 1300 profecta
364 1238 428 1280 vox
446 1219 496 1279 est
515 1237 596 1300 mea,
614 1216 738 1281 tribues
757 1215 797 1279 iis
816 1215 972 1300 temporis
991 1218 1151 1299 quantum

142 1303 274 1388 poteris,
297 1304 420 1388 poteris
444 1307 561 1388 autem,
585 1307 741 1387 quantum
764 1304 863 1368 voles.
898 1302 979 1368 Cum
1002 1324 1079 1369 vero
1103 1304 1151 1368 in·

142 1392 297 1455 tellexero
320 1394 354 1456 te
372 1392 432 1456 hoc
452 1391 604 1456 scientiae
619 1412 736 1477 genere
755 1390 903 1476 gaudere,
926 1395 997 1456 tum
1011 1395 1044 1454 et
1058 1413 1150 1476 prae·

142 1500 216 1543 sens
235 1483 343 1544 tecum
355 1479 551 1564 propediem,
570 1483 607 1543 ut
626 1501 730 1563 spero,
749 1483 790 1559 et,
810 1479 886 1543 dum
901 1478 1017 1562 aberis,
1031 1479 1150 1544 absens

142 1567 266 1650 loquar.
302 1566 385 1631 Vale
403 1567 517 1652 igitur,
540 1568 585 1631 mi
605 1566 726 1651 Oicero,
749 1567 874 1650 tibique
897 1566 1053 1651 persuade
1077 1589 1150 1631 esse

141 1655 322 1737 tequidem
346 1655 426 1718 mihi
449 1655 660 1736 carissimum,
684 1654 740 1718 sed
763 1655 867 1718 multo
890 1655 960 1719 fore
982 1654 1150 1738 cariorem,

142 1741 171 1805 si
191 1743 313 1807 talibus
331 1742 464 1807 monitis
488 1743 733 1827 praeceptisque
756 1742 929 1808 laetabere.
