2476 3848
520 158 759 223 -136-

137 317 285 404 agitatio,
334 315 380 381 Iis
412 316 498 380 enim
529 315 640 398 rebus,
671 337 753 399 quae
784 319 969 382 tractantur
999 316 1034 380 in
1064 315 1144 400 vita,

136 406 268 471 modum
296 403 455 488 quendam
483 407 516 468 et
543 403 688 467 ordinem
715 402 905 467 adhibentes
936 403 1144 469 honestatem

138 498 171 558 et
194 493 288 558 decus
312 491 584 557 conservabimus,

85 551 119 677 1}
203 580 254 645 Ex
272 584 427 664 quattuor
445 583 555 644 autern
572 578 662 661 locis,
684 578 818 662 inques
838 577 970 642 honesti
990 581 1144 644 naturam

136 669 267 752 vimque
289 668 470 751 divisimus,
493 667 616 751 primus
638 666 710 748 ille,
733 665 845 750 quiin
867 666 936 730 veri
958 666 1144 752 cognitione

137 757 295 840 consistit,
317 756 456 820 maxime
478 758 629 818 naturam
647 754 785 838 attingit
801 754 986 818 humanam.
1023 753 1144 819 Omnes

137 845 222 908 enim
245 844 406 908 trahimur
429 847 462 907 et
485 842 629 906 ducimur
652 841 693 905 ad
716 841 909 925 cognitionis
933 846 966 905 et
989 841 1144 907 scientiae

137 932 357 1016 cupiditatem,
378 931 414 995 in
437 952 500 1014 qua
523 929 678 994 excellcre
696 929 868 1014 pulchrum
889 933 1051 1015 putamus,
1075 931 1143 995 labi

138 1023 255 1102 autem,
279 1041 394 1103 errare,
416 1017 549 1100 nescire,
572 1016 676 1101 decipi
698 1020 731 1080 et
753 1017 877 1081 malum
895 1021 927 1080 et
945 1021 1040 1102 turpe
1059 1018 1143 1082 duci-

137 1129 219 1171 mus.
253 1105 293 1171 In
314 1107 376 1171 hoc
399 1127 515 1192 genere
539 1108 572 1169 et
593 1104 737 1169 naturali
759 1109 792 1168 et
814 1105 952 1169 honesto
976 1104 1038 1170 duo
1062 1107 1144 1172 vitia

137 1194 270 1259 vitanda
293 1198 383 1277 sunt,
405 1216 514 1276 unum,
536 1214 577 1257 ne
600 1193 766 1278 incognita
788 1214 848 1278 pro
867 1193 1006 1278 cognitis
1025 1194 1143 1259 habea-

137 1304 209 1348 mus
232 1282 335 1366 iisque
357 1286 478 1346 temere
502 1280 730 1364 assentiamur;
753 1280 839 1363 quod
861 1281 978 1345 vitium
1002 1281 1143 1368 effugere

138 1370 194 1454 qui
220 1371 308 1435 volet
336 1367 460 1454 (omnes
488 1373 597 1433 autem
623 1369 707 1433 velle
735 1366 880 1454 debent),
909 1369 1076 1434 adhibebit
1103 1370 1143 1434 ad

85 1471 118 1520 19
138 1457 384 1524 considerandas
407 1479 459 1521 res
483 1461 515 1521 et
538 1460 665 1541 tempus
689 1460 722 1520 et
745 1456 955 1541 diligentiam.
992 1456 1142 1523 Alterum

136 1550 187 1611 est
209 1546 334 1629 vitium,
357 1545 443 1629 quod
462 1544 592 1629 quidam
609 1543 707 1608 nimis
725 1565 881 1629 magnum
900 1544 1042 1608 studium
1061 1546 1142 1609 mul·

136 1638 268 1717 tamque
291 1655 423 1719 operam
445 1634 480 1697 in
502 1653 554 1696 res
582 1633 735 1697 obscuras
763 1636 860 1715 atque
889 1632 1036 1698 difficiles
1069 1655 1142 1698 con·

135 1721 245 1787 ferunt
272 1721 462 1804 easdemque
489 1742 556 1784 non
578 1719 786 1784 necessarias.
831 1717 953 1795 Quibus
976 1720 1065 1785 vitiis
1091 1720 1142 1785 de

137 1809 264 1875 clinatis
293 1809 378 1892 quod
405 1809 440 1871 in
466 1808 562 1871 rebus
589 1807 735 1908 honestis
764 1812 796 1872 et
824 1808 1009 1893 cognitione
1035 1808 1142 1894 dignis

137 1895 789 2068 {iststdttffqttdttibddt,
810 1896 1142 2068 diffidabat?

136 2070 327 2154 Pompeium
340 2070 404 2155 ipsi
418 2070 637 2155 cognovimus,
651 2072 772 2136 multos
786 2071 821 2135 in
832 2071 1017 2155 dialecticis,
1031 2073 1140 2157 plures

136 2159 171 2223 in
192 2158 262 2222 iure
285 2157 388 2241 civili,
412 2180 493 2241 quae
512 2180 622 2223 omnes
642 2162 728 2223 artes
752 2159 786 2222 in
804 2159 872 2224 veri
890 2160 1141 2246 investigatione

136 2249 321 2330 versantur3
339 2245 428 2310 cuius
449 2245 555 2311 studio
575 2247 708 2311 arabus
727 2247 875 2332 gerendis
894 2247 1010 2313 abduci
1028 2252 1143 2313 contra

138 2333 279 2399 officium
311 2337 370 2398 est.
414 2331 555 2398 Virtutis
588 2333 674 2398 enim
705 2335 776 2399 laus
809 2335 914 2399 omnis
945 2335 980 2400 in
1015 2337 1142 2402 actione

137 2421 300 2506 consistit;
323 2444 342 2486 a
365 2443 428 2505 qua
451 2425 561 2486 tamen
582 2421 620 2484 fit
642 2422 840 2487 intermissio
863 2444 960 2508 saepe
983 2424 1141 2508 multique

138 2509 255 2574 dantur
277 2509 318 2574 ad
341 2509 449 2574 studia
471 2509 606 2593 reditus3
635 2513 706 2574 tum
734 2509 871 2595 agitatio
899 2510 1030 2593 mentis,
1058 2532 1140 2593 quae

135 2618 313 2681 numquam
332 2597 518 2681 adquiescit,
540 2601 650 2681 potest
667 2619 726 2662 nos
750 2598 785 2662 in
808 2597 922 2661 studiis
945 2597 1141 2682 cognitionis

17 2704 20 2709 ·
137 2684 236 2751 etiam
256 2687 324 2751 sine
343 2708 442 2770 opera
459 2689 573 2750 nostra
591 2685 763 2750 continere.
799 2683 911 2750 Omnis
930 2688 1039 2749 autem
1055 2685 1141 2769 cogi-

137 2775 220 2840 tatio
235 2778 405 2858 motusque
420 2773 520 2838 animi
535 2775 590 2837 aut
603 2773 639 2836 in
652 2772 795 2838 consiliis
814 2771 976 2857 capiendis
991 2772 1029 2837 de
1043 2773 1141 2837 rebus

104 2910 107 2916 ·
136 2861 283 2927 honestis
306 2865 338 2926 et
361 2861 598 2944 pertinentibus
622 2860 663 2925 ad
684 2861 765 2924 bene
788 2861 946 2944 beateque
968 2860 1142 2926 vivendum

18 3006 25 3017 .
138 2949 252 3014 autin
275 2948 390 3012 studiis
414 2948 566 3013 scientiae
589 2947 846 3033 cognitionisque
864 2949 1057 3016 versabitur.
1093 2949 1142 3014 Ac

98 3035 177 3170 ,de
200 3035 965 3210 prpnrtqflqupppeqffircpliqqrirstelaqffies.patet
987 3149 1026 3190 ea
1047 3125 1142 3207 ratio,

83 3183 119 3233 ²⁰
139 3231 203 3295 qua
226 3210 363 3275 societas
385 3211 553 3275 hominum
574 3211 661 3276 inter
681 3211 771 3297 ipsos
791 3217 824 3277 et
841 3214 927 3278 vitae
947 3213 1040 3297 quasi
1058 3233 1141 3277 com-

138 3297 281 3362 munitas
300 3297 497 3382 continetur3
519 3298 608 3364 cuius
626 3304 736 3385 partes
755 3300 849 3385 duae,
871 3301 1005 3383 iustitia,
1025 3300 1060 3364 in
1078 3321 1143 3382 qua

137 3385 270 3450 virtutis
294 3390 343 3450 est
367 3387 519 3471 splendor
537 3387 705 3471 maximus,
728 3410 767 3453 ex
785 3411 849 3473 qua
866 3388 928 3454 viri
945 3387 1024 3452 boni
1040 3388 1144 3452 nomi-

59 3410 271 3627 Rnantur,
295 3479 328 3539 et
350 3474 425 3540 huic
448 3474 617 3541 coniuncta
640 3476 864 3561 beneficentia,
888 3497 985 3560 quam
1008 3475 1143 3541 eandem
