2476 3848
468 187 710 253 „239-

83 357 250 420 ettamen
275 354 361 418 muri
387 374 519 418 eausam
546 352 712 438 opposuit,
739 353 879 438 speciem
905 352 1088 419 honestatis

82 465 142 507 nec
167 440 373 526 probabilem
399 462 459 506 nec
490 462 568 504 saue
594 441 752 505 idoneam.
796 440 947 506 Peccavit
976 442 1088 527 igitur,

83 551 162 616 pace
193 529 247 593 vel
278 527 405 604 Quirini
434 528 488 593 vel
517 528 652 593 Romuli
681 528 825 593 dixerim.
878 527 947 594 Nec
977 533 1088 594 tamen
1104 545 1140 595 42

83 622 216 682 nostrae
237 617 332 682 nobis
355 616 516 681 utilitates
543 615 743 681 omittendae
765 619 843 680 sunt
864 616 1001 701 aliisque
1023 621 1088 682 tra·

84 706 220 787 dendae,
245 727 319 770 cum
340 705 382 768 iis
404 705 468 790 ipsi
491 725 657 789 egeamus,
686 703 744 769 sed
765 725 843 769 suae
865 705 980 789 cuique
1002 705 1088 770 utili·

83 794 159 876 tati,
186 792 273 876 quod
303 792 373 857 sine
400 792 534 857 alterius
560 792 679 856 iniuria
704 792 777 876 fiat,
804 792 1005 858 serviendum
1029 796 1088 857 est.

84 879 171 947 Scite
193 879 409 964 Chrysippus,
435 884 474 944 ιιι
499 879 617 944 multa:
645 878 732 955 ‘Qui
754 879 950 965 stadium',
972 881 1088 965 inquit,

84 969 235 1051 ‘currit,
263 969 361 1032 eniti
388 971 426 1033 et
453 967 683 1033 contendere
710 968 838 1051 debet,
870 991 982 1053 quam
1013 991 1089 1033 ma·

84 1079 192 1121 nume
214 1056 356 1142 possit,
377 1060 420 1120 ut
435 1056 579 1139 vincat,
601 1056 856 1140 supplantare
879 1079 974 1141 eum,
998 1079 1088 1142 quo·

85 1167 167 1210 cum
198 1147 338 1226 certet,
369 1147 435 1208 aut
466 1165 578 1208 manu
605 1143 802 1228 depellere
833 1145 942 1210 nullo
975 1146 1088 1210 modo

85 1233 212 1314 debet3
244 1232 299 1296 sic
328 1232 368 1295 in
394 1232 478 1296 vita
504 1231 582 1295 sibi
609 1252 795 1315 quemque
822 1237 967 1318 petere,
990 1233 1089 1318 quod

84 1321 283 1405 pertineat
315 1319 361 1384 ad
391 1341 514 1402 usum,
552 1339 628 1383 non
658 1318 834 1402 iniquum
866 1324 938 1405 est,
971 1321 1088 1386 alteri

85 1408 260 1491 deripere
282 1407 341 1472 ius
363 1429 438 1472 non
461 1405 539 1471 ιιι]

150 1495 300 1560 Maxume
329 1499 438 1560 autem
468 1493 700 1580 perturbantur
732 1492 900 1558 officiam
927 1495 1141 1581 amicitiisea

86 1583 202 1666 quibus
225 1586 258 1647 et
279 1605 346 1648 non
364 1583 517 1666 tribuere,
539 1581 625 1665 quod
643 1584 729 1646 recte
747 1581 864 1664 possis,
887 1585 920 1646 et
937 1582 1090 1667 tribuere,

86 1671 171 1754 quod
191 1693 258 1736 non
280 1672 324 1735 sit
347 1693 494 1755 aequum,
516 1673 630 1735 contra
653 1669 794 1733 officium
813 1673 871 1733 est.
908 1666 971 1733 Sed
993 1670 1089 1736 huius

85 1760 211 1844 generis
238 1759 340 1823 totius
366 1759 464 1823 breve
492 1761 525 1823 ιι
549 1779 616 1822 non
643 1757 773 1823 difficile
800 1761 1008 1858 praeceptum
1032 1763 1089 1823 est.

85 1846 173 1922 Quae
196 1846 281 1911 enim
304 1846 414 1911 vident
400 1850 454 1910 tur
475 1869 498 1910 u
498 1845 578 1929 tilia,
601 1845 751 1929 honores,
774 1845 865 1910 divit
856 1867 919 1930 ιιι,
942 1846 1057 1931 volupt
1059 1869 1090 1912 a·

84 1939 143 2019 tes,
165 1939 273 1999 cetera
295 1934 422 2020 generis
446 1934 604 2017 eiusdem,
626 1933 705 1999 haee
728 1933 890 1999 amicitiae
912 1956 1089 2018 numquam

85 2022 310 2106 anteponenda
337 2026 421 2086 sunt.
470 2021 517 2086 At
542 2043 646 2107 neque
680 2025 793 2087 contra
823 2044 893 2087 rcm
924 2023 1089 2106 publicam

84 2133 187 2194 neque
214 2114 327 2174 contra
353 2110 403 2174 ius
430 2110 600 2175 iurandum
624 2131 661 2174 ac
682 2110 779 2174 fidem
803 2110 898 2176 amici
920 2132 1017 2177 causa
1039 2112 1090 2177 vir

84 2200 188 2263 bonus
210 2196 321 2282 faciet,
343 2219 384 2262 ne
407 2197 436 2261 si
458 2198 553 2263 iudex
576 2197 706 2281 quidem
728 2198 790 2262 erit
814 2198 852 2262 de
874 2198 946 2282 ipso
970 2199 1090 2283 amico;

83 2287 176 2370 ponit
200 2285 286 2349 enim
307 2307 480 2369 personam
503 2285 607 2368 amici,
630 2307 703 2350 eum
725 2285 831 2349 induit
848 2285 972 2351 iudicis.
1008 2287 1090 2352 Tan·

84 2379 155 2438 tum
187 2373 277 2437 dabit
309 2373 484 2457 amicitiae,
519 2376 556 2437 ut
587 2394 698 2437 veram
730 2373 826 2438 amici
857 2394 986 2439 causam
1020 2396 1090 2440 esse

84 2462 231 2545 malitu
232 2462 404 2526 torandae
422 2460 492 2524 litis
510 2463 648 2561 tempus,
671 2460 776 2543 quoad
798 2481 857 2543 per
875 2460 964 2560 leges
983 2461 1090 2544 liceat,

85 2547 313 2614 accommodet.
349 2546 430 2613 Cum
453 2570 529 2613 vero
552 2547 659 2612 iurato
684 2546 822 2611 sentent
813 2569 845 2610 ιι
868 2546 1001 2612 dicenda
1019 2549 1089 2632 ιιιι,
1108 2561 1142 2611 44

84 2637 267 2702 meminerit
253 2636 384 2701 tdeum
413 2658 447 2701 se
475 2635 626 2701 adhibere
653 2638 785 2717 testem,
812 2633 845 2696 id
874 2637 936 2717 est,
963 2638 1000 2698 ut
1028 2655 1089 2720 ego

84 2725 171 2826 arbit
156 2728 239 2807 ιιοι,
262 2728 404 2789 mentem
428 2746 533 2808 suam,
562 2745 627 2807 qua
648 2721 731 2786 nihil
754 2720 878 2787 homini
901 2720 988 2785 dedit
1012 2721 1088 2786 deus

83 2812 153 2898 ipse
177 2812 392 2877 diviniust
360 2811 475 2896 Itaque
500 2811 702 2896 praeclarum
727 2832 746 2874 a
768 2808 945 2874 maioribus
969 2809 1089 2894 accepi·

83 2923 155 2965 mus
178 2922 303 2965 morem
325 2900 462 2986 rogandi
484 2899 607 2983 iudicis,
631 2898 659 2963 si
683 2919 754 2962 eum
778 2901 973 2981 teneremus,
997 2914 1088 2975 quan

84 3005 196 3054 seuva
215 3007 299 3053 ιιιιι
318 3005 455 3053 uacuus
475 3004 603 3053 Possm.
640 2984 729 3050 Haec
752 2987 848 3071 rogat
849 2984 881 3049 io
834 2984 946 3049 tad
964 3007 1002 3050 ca
1020 3007 1090 3070 per-

82 3076 180 3161 tinet,
213 3098 295 3161 quae
322 3077 420 3160 paulo
449 3079 524 3141 ante
492 3074 617 3139 tdixi
644 3074 780 3138 honeste
809 3072 911 3138 amico
941 3095 960 3138 a
986 3073 1089 3139 iudice

83 3185 179 3246 posse
198 3164 341 3249 concedi3
363 3186 441 3228 nam
460 3164 487 3228 si
506 3163 615 3228 omnia
632 3160 823 3227 facienda
798 3164 872 3245 ιιιιι,
894 3183 975 3246 quae
994 3162 1089 3228 amici

82 3251 195 3335 velint,
172 3256 283 3316 tnon
303 3252 412 3317 amicit
413 3251 496 3317 iaet
482 3251 573 3335 t,ales
597 3251 653 3315 sed
671 3248 908 3316 coniurationes
927 3251 1089 3334 putandae

84 3338 158 3403 sint.
203 3339 334 3424 Loquor
361 3344 417 3405 aut
419 3361 469 3404 em
497 3339 535 3403 de
563 3339 786 3404 communibus
816 3337 981 3422 amicitiis,
1012 3360 1088 3403 nam
1107 3349 1168 3405 ιι.

82 3425 118 3490 in
141 3428 341 3511 sapientibus
363 3427 442 3493 viris
463 3426 595 3514 perfect
587 3448 678 3514 reque
695 3425 782 3493 nibil
797 3429 915 3513 potest
931 3425 1111 3489 assessus
1162 3474 1166 3479 .

78 3513 300 3580 Damoneme
302 3514 504 3587 tPhint1am
522 3515 572 3608 Py
574 3518 763 3611 thagoreos
782 3515 906 3584 lerunt
917 3513 997 3577 boc
1011 3505 1135 3570 arim
