2476 3848
512 179 753 244 --262ω

134 346 266 426 accepta
284 344 335 406 est
356 340 506 406 hostibus
529 338 663 404 deditus.
708 337 887 405 Honestius
909 338 963 404 hio
985 360 1084 423 quam
1103 337 1142 415 Q.

132 429 315 514 Pompeius,
337 450 411 513 quc,
434 449 507 492 cum
529 427 565 492 in
587 426 700 492 eadem
717 448 815 492 causa
833 429 929 510 esset,
947 426 1142 513 deprecante

133 522 265 602 accepta
288 518 341 581 lex
362 537 429 581 non
451 518 509 581 est.
554 513 618 581 Hic
640 536 688 599 ea,
711 536 794 599 quae
811 515 982 580 videbatur
1002 515 1142 599 utilitas,

134 608 208 691 plus
231 605 336 670 valuit
359 626 456 687 quam
478 604 646 686 honestas,
670 602 756 687 apud
779 603 961 688 superiores
984 603 1141 669 utilitatis

134 693 256 779 species
278 692 364 757 falsa
378 692 419 756 ab
438 690 619 756 honestatis
638 691 833 755 auctoritate
851 694 1004 777 superata
1018 694 1076 757 est.
1096 727 1141 742 ·-

83 799 133 850 110
148 782 196 847 At
216 803 283 846 non
301 780 412 844 debuit
429 782 539 845 ratum
557 800 636 863 esse,
659 778 745 863 quod
767 782 837 843 erat
855 782 964 844 actum
986 801 1044 864 per
1063 780 1140 846 vim.

137 907 174 917 --
200 867 301 945 Quasi
323 889 399 933 vero
422 866 502 931 forti
528 866 598 932 viro
621 866 672 932 vis
696 866 803 950 possit
825 867 980 933 adhiberi.
1003 903 1045 916 ——
1074 866 1141 933 Cur

133 957 235 1043 igitur
258 956 299 1020 ad
322 958 470 1020 senatum
493 953 766 1039 proficiscebatur,
788 976 862 1021 cum
883 955 1077 1040 praesertim
1100 957 1140 1020 de

134 1044 272 1196 cpptivis
287 1042 615 1195 {issgsslgruspigsew
626 1078 668 1144 ῖ-
683 1041 776 1118 Quod
789 1043 1064 1195 iffiiiumpii?
1080 1047 1140 1198 esd

134 1157 146 1196 1
198 1153 291 1216 repre
316 1153 442 1195 enrr.
540 1152 562 1195 n
594 1152 680 1195 emm
712 1152 832 1196 suoru
866 1153 915 1196 cro
947 1153 1117 1215 se1‚se

134 1220 276 1304 suscepit
299 1241 443 1302 causam,
474 1221 512 1282 ut
538 1222 624 1283 esset
650 1218 804 1283 iudicium
828 1223 974 1303 senatus3
1002 1219 1053 1285 cui
1074 1219 1140 1284 nisi

133 1309 203 1393 ipse
226 1311 339 1372 auctor
360 1306 485 1390 fuisset,
508 1306 629 1390 captivi
651 1306 798 1391 profecto
820 1306 937 1371 Poenis
955 1307 1073 1371 redditi
1092 1330 1140 1373 es-

134 1400 219 1480 sent3
241 1396 289 1460 ita
307 1394 478 1460 incolumis
496 1393 531 1458 iu
549 1394 658 1479 patria
670 1393 816 1481 Regulus
831 1394 1015 1461 restitisset.
1045 1394 1139 1471 Quod

134 1485 210 1568 quia
231 1483 357 1569 patriae
379 1504 446 1547 nou
467 1482 547 1547 utile
570 1482 712 1567 putavit,
736 1483 855 1548 idcireo
879 1482 942 1547 sibi
964 1483 1138 1548 honestum

133 1577 166 1638 et
189 1572 309 1637 sentire
331 1572 390 1635 illa
408 1574 441 1635 et
456 1571 529 1656 pati
546 1570 690 1636 credidit.
729 1568 816 1635 Nam
833 1571 918 1654 quod
933 1571 1031 1655 aiunt,
1051 1571 1138 1654 quod

132 1661 227 1726 valde
244 1661 325 1724 utile
344 1660 396 1742 sit,
418 1659 452 1722 id
470 1659 540 1722 fieri
557 1659 740 1741 honestum,
760 1658 859 1722 immo
878 1680 954 1724 vero
974 1679 1051 1742 esse,
1068 1679 1137 1723 non

131 1749 211 1813 fieri.
246 1747 308 1812 Est
331 1747 416 1811 enim
438 1746 521 1810 nihil
538 1746 628 1830 utile,
652 1746 737 1829 quod
759 1746 844 1810 idem
867 1767 933 1813 non
954 1746 1137 1830 honestum,

132 1858 199 1920 nec,
223 1838 298 1918 quia
320 1835 410 1917 utile,
432 1835 618 1917 honestum,
649 1834 717 1917 sed,
741 1834 816 1917 quia
837 1834 1024 1917 honestum,
1046 1834 1136 1900 utile.

133 1922 239 1998 Quare
262 1946 300 1988 ex
320 1922 433 1986 multis
451 1921 656 1986 mirabilibus
676 1922 831 2007 exemplis
849 1921 936 1987 haud
953 1921 1049 1988 facile
1063 1923 1136 2006 quis

24 2037 26 2040 ·
132 2011 249 2075 dixerit
271 2010 333 2075 hoc
351 2011 496 2093 exemplo
525 2013 581 2074 aut
608 2010 803 2075 laudabilius
827 2014 884 2074 aut
906 2012 1137 2095 praestantius.

81 2078 130 2202 {311¹
199 2095 262 2161 Sed
285 2119 323 2161 ex
345 2100 417 2162 tota
440 2097 500 2161 hac
519 2097 614 2161 laude
637 2097 756 2183 Reguli
778 2120 878 2163 unum
900 2098 982 2163 illud
1006 2101 1056 2163 est
1081 2099 1136 2164 ad·

133 2185 305 2250 miratione
333 2185 479 2268 dignum,
507 2185 593 2269 quod
616 2186 761 2270 captivos
789 2187 974 2251 retinendos
1002 2187 1136 2252 censuit.

131 2271 218 2337 Nam
242 2274 328 2357 quod
349 2273 457 2357 rediit,
489 2273 583 2338 nobis
610 2295 694 2339 nune
721 2274 870 2341 mirabile
896 2273 1037 2359 videtur,
1068 2275 1137 2340 illis

133 2361 262 2446 quidem
289 2361 489 2445 temporibus
518 2362 613 2426 aliter
643 2361 750 2427 facere
776 2385 842 2429 non
873 2362 993 2447 potuit3
1025 2363 1137 2446 itaque

131 2449 197 2515 ista
226 2451 297 2515 laus
323 2471 390 2514 non
417 2453 467 2514 est
493 2449 647 2534 hominis,
680 2450 735 2516 sed
762 2455 953 2536 temporum.
998 2449 1137 2516 Nullum

132 2538 218 2604 enim
231 2538 394 2604 vinculum
409 2538 450 2602 ad
463 2537 683 2622 astrigeudam
695 2539 791 2603 fidem
804 2539 873 2603 iure
886 2538 1022 2604 iurando
1036 2539 1137 2606 maio·

131 2648 182 2692 res
198 2627 300 2691 artius
315 2647 385 2690 esse
399 2625 578 2691 voluerunt.
604 2625 644 2691 Id
657 2627 801 2691 indicant
814 2628 902 2712 leges
920 2627 956 2692 in
969 2627 1138 2693 duodecim

76 2772 80 2779 .
130 2715 267 2799 tabulis,
298 2714 442 2780 indicant
474 2717 635 2797 sacratae,
666 2714 810 2779 indicant
839 2714 984 2800 foedera,
1019 2716 1136 2799 quibus

132 2803 230 2867 etiam
258 2825 331 2867 cum
356 2802 452 2866 hoste
484 2801 663 2868 devincitur
689 2801 785 2886 fides,
811 2802 956 2868 indicant
986 2805 1137 2870 notiones

132 2890 489 2973 animadversionesque
517 2910 698 2973 censorum,
731 2889 787 2973 qui
817 2891 909 2956 nulla
936 2891 975 2956 de
1002 2913 1038 2957 re
1065 2892 1137 2958 dili-

80 2979 274 3063 urgentius
298 2999 395 3060 quam
418 2978 456 3041 de
478 2977 547 3041 iure
569 2977 704 3043 iurando
726 2977 922 3045 iudicabant.
954 2979 990 3045 L.
1012 2979 1136 3048 Manlio

131 3065 170 3128 A.
192 3064 224 3148 f.,
247 3087 319 3129 cum
343 3065 482 3130 dictator
505 3064 628 3149 fuisset,
651 3065 694 3130 M.
711 3065 909 3151 Pomponius
928 3070 969 3131 tr.
987 3068 1031 3152 pl.
1050 3068 1137 3134 diem

132 3150 222 3234 dixit,
245 3152 330 3234 quod
347 3153 376 3217 is
394 3174 513 3236 paucos
533 3153 596 3217 sibi
610 3153 677 3218 dies
692 3153 733 3219 ad
748 3155 943 3220 dictaturam
961 3156 1138 3241 gerendam

131 3239 320 3323 addidisset3
343 3240 576 3306 criminabatur
594 3241 701 3326 etiam,
721 3244 806 3327 quod
820 3242 931 3309 Titum
948 3244 1062 3330 filium,
1080 3244 1138 3329 qui

130 3330 244 3412 postea
267 3330 317 3391 est
339 3327 523 3412 Torquatus
551 3330 748 3415 appellatus,
776 3331 818 3396 ab
845 3331 1031 3398 hominibus
1056 3333 1137 3398 rele-

131 3418 241 3500 gasset
260 3419 293 3479 et
315 3415 384 3480 ruri
401 3416 551 3481 habitare
568 3417 725 3483 iussisset.
757 3417 848 3495 Quod
867 3442 940 3486 cum
958 3419 1137 3487 audivisset

71 3490 98 3630 ι
130 3504 315 3571 adulescens
338 3504 439 3589 filius,
466 3505 635 3591 negotium
658 3506 803 3572 exhiberi
827 3508 939 3595 patri,·
959 3508 1136 3576 accurrisse
