2476 3848
419 168 659 233 -160-

35 333 163 396 tiones
186 331 425 416 proeliorum
447 329 656 395 ferocitate
679 330 900 394 exultantes
923 328 1042 394 domi-

36 420 189 485 toribus
208 417 362 482 tradere
381 417 548 500 soleant,
566 420 608 480 ut
625 416 673 480 iis
691 417 940 481 facilioribus
954 439 1042 501 pos-

37 507 117 571 sint
134 505 205 590 uti,
229 506 283 571 sic
299 505 473 570 homines
493 504 664 569 secundis
683 505 796 569 rebus
821 503 1041 569 ecfrenatos

37 595 190 677 sibique
208 592 472 678 praefidentes
491 596 684 674 tamquam
702 592 741 655 in
764 612 897 677 gyrum
920 593 1040 656 ratic-

35 682 95 747 nis
119 686 155 746 et
174 681 373 746 doetrinae
392 679 477 745 duci
495 683 690 764 oportere,
714 683 755 743 ut
773 680 1041 764 perspicerent

36 791 162 834 rerum
184 768 434 833 humanarum
460 766 765 831 inbecillitatem
792 768 1041 832 varietatem·

2 871 107 941 1que
134 855 337 921 fortunae?
369 855 478 940 Atque
503 855 601 919 etiam
624 855 659 918 in
684 854 921 919 secundissimis
943 856 1041 919 rebus

37 944 176 1008 maxime
199 947 249 1008 est
271 943 426 1007 utendum
449 942 583 1008 consilio
607 942 784 1007 amicorum
810 943 914 1027 iisque
937 944 1041 1007 maior

37 1032 136 1096 etiam
155 1053 253 1114 quam
272 1034 346 1095 ante
364 1030 536 1095 tribuenda
554 1031 738 1095 auctoritas.
774 1029 943 1113 Isdemque
961 1034 1041 1094 tem·

36 1119 169 1203 poribus
193 1120 369 1184 cavendum
392 1122 451 1202 est,
472 1140 514 1182 111
532 1117 788 1183 assentatoribus
806 1117 1041 1202 patefaciamus

38 1207 125 1270 auris
142 1228 223 1271 neve
242 1206 367 1271 adulari
383 1227 444 1270 nos
465 1205 617 1289 sinamus,
639 1206 674 1269 in
692 1226 755 1288 quo
773 1205 847 1269 falli
863 1205 959 1270 facile
978 1210 1041 1290 cst;

36 1294 120 1359 tales
148 1293 234 1358 enim
260 1315 320 1359 nos
348 1315 418 1358 esse
445 1297 610 1379 putamus,
637 1297 674 1357 ut
696 1293 766 1357 iure
794 1293 974 1377 laudemur,
1003 1315 1042 1357 ex

37 1403 100 1465 quo
127 1385 303 1447 nascuntur
334 1381 583 1446 innumerabilia
613 1384 759 1465 peccata,
792 1403 864 1446 cum
893 1381 1040 1445 homines

36 1469 142 1534 inflati
169 1470 373 1554 opinionibus
401 1469 541 1553 turpiter
567 1469 742 1533 irridentur
770 1472 803 1532 et
829 1468 864 1532 111
891 1469 1040 1533 maximis

2 1561 207 1622 aversantur
226 1558 397 1622 erroribus.
429 1553 491 1621 Sed
509 1557 588 1621 haec
608 1556 735 1638 quidem
753 1556 919 1620 hactenus.
954 1556 1041 1621 lllud

38 1649 147 1709 autem
165 1646 211 1710 sic
229 1649 280 1709 est
297 1644 512 1727 iudicandum,
530 1644 687 1708 maximas
707 1644 777 1728 geri
794 1664 847 1709 res
861 1648 895 1708 et
908 1644 1041 1708 maximi

37 1733 138 1798 animi
165 1733 206 1797 ab
232 1733 287 1816 iis,
320 1733 375 1815 qui
402 1753 453 1795 res
481 1732 629 1816 publicas
656 1735 786 1816 regant,
819 1731 904 1815 quod
930 1753 1041 1795 earum

37 1820 275 1886 administratio
307 1819 466 1883 latissime
498 1822 610 1903 pateat
643 1820 684 1884 ad
714 1819 935 1903 plurimosque
970 1841 1040 1902 per·

37 1908 154 1990 tineat3
173 1929 243 1970 esse
258 1911 366 1971 autem
384 1907 496 1990 magni
514 1906 614 1971 animi
632 1910 665 1970 et
682 1906 782 1971 fuisse
800 1905 921 1971 multos
940 1906 1041 1970 etiam

36 1995 71 2058 in
93 1995 162 2059 vita
190 1994 308 2077 otiosa,
335 1994 391 2078 qui
418 1998 474 2058 aut
500 1994 736 2079 investigarent
763 1998 820 2059 aut
847 1997 1045 2060 conarentur·

37 2100 158 2166 magna
184 2081 341 2163 quaedam
364 2102 497 2164 seseque
529 2104 660 2147 suarum
686 2104 794 2147 rerum
821 2081 940 2147 finibus
968 2104 1040 2148 con·

37 2169 178 2233 tinerent
192 2172 248 2232 aut
261 2168 423 2234 interiecti
435 2169 520 2234 inter
537 2170 750 2255 philosophos
769 2174 802 2236 et
820 2192 884 2255 eos,
899 2171 954 2255 qui
971 2193 1040 2234 rem

37 2256 201 2341 publicam
220 2254 493 2340 administrarent,
511 2257 748 2323 delectarentur
765 2281 801 2324 rc
815 2281 874 2324 sua
885 2258 1041 2323 familiari

37 2364 103 2407 non
125 2365 196 2407 eam
219 2343 348 2427 quidem
366 2346 454 2408 omni
473 2345 599 2428 ratione
617 2350 851 2432 exaggerantes
868 2367 971 2428 neque
990 2367 1040 2409 ex·

38 2430 203 2495 cludentes
224 2432 265 2496 ab
289 2432 356 2496 eius
379 2454 440 2496 usu
462 2453 538 2497 suos
560 2433 734 2518 potiusque
757 2438 789 2498 et
807 2433 918 2498 amicis
936 2433 1040 2516 inper-

37 2519 155 2583 tientes
179 2523 212 2584 et
234 2519 282 2583 111
308 2520 469 2604 publicae,
497 2520 526 2584 si
553 2520 681 2605 quando
708 2541 784 2585 usus
812 2522 906 2584 esset.
951 2518 1040 2594 Quae

37 2606 178 2691 primum
209 2606 291 2672 bene
308 2611 419 2691 *parta
450 2608 494 2672 sit
525 2609 617 2672 nullo
647 2629 750 2690 neque
781 2606 870 2690 turpi
903 2610 1041 2689 quaestu

36 2717 140 2780 neque
159 2695 286 2779 odioso,
304 2694 416 2760 deinde
438 2700 596 2780 augeatur
616 2696 755 2776 ratione,
774 2692 951 2778 diligentia,
969 2716 1040 2778 par·

39 2783 189 2868 simonia,
212 2787 283 2847 tum
307 2804 403 2866 quam
426 2783 589 2867 plurimis,
607 2781 702 2846 modo
726 2780 846 2867 dignis,
870 2802 904 2846 se
926 2782 1041 2846 utilem

37 2871 192 2953 praebeat
222 2892 282 2935 nec
308 2869 447 2934 lubidini
469 2871 577 2955 potius
601 2869 808 2954 luxuriaeque
837 2891 934 2953 quam
962 2870 1040 2934 libe-

36 2957 163 3020 ralitati
185 2961 219 3021 et
240 2957 470 3023 beneficentiae
492 2961 614 3042 pareat.
650 2955 739 3022 Haec
758 2958 960 3043 praescripta
978 2980 1041 3022 ser·

37 3047 169 3108 vantem
200 3043 277 3108 licet
306 3045 489 3130 magnifice,
521 3045 664 3130 graviter
696 3045 903 3130 animoseque
933 3046 1041 3110 111111

39 3133 136 3212 atque
151 3129 249 3194 etiam
260 3131 458 3216 simpliciter,
472 3132 619 3217 fideliter,
633 3133 740 3215 †vere
753 3133 921 3199 hominum
931 3133 1040 3198 amice.

1 3190 27 3316 'J
105 3215 265 3303 Sequitur,
287 3224 325 3284 ut
344 3221 383 3285 de
400 3243 465 3285 una
483 3221 608 3303 reliqua
626 3225 719 3305 parte
737 3220 917 3287 honestatis
939 3219 1041 3283 dicen·

38 3304 114 3368 dum
137 3305 195 3389 sit,
222 3306 257 3371 in
284 3329 348 3391 qua
369 3308 561 3373 verecundia
583 3311 616 3373 et
639 3309 733 3392 quasi
755 3309 885 3392 quidam
907 3308 1041 3371 ornatus

38 3393 137 3478 vitae,
161 3395 376 3479 temperantia
399 3399 432 3459 et
454 3395 613 3461 modestia
635 3396 803 3479 omnisque
826 3393 949 3459 sedatio
972 3415 1042 3476 per-

38 3482 262 3547 turbationum
281 3483 381 3547 animi
399 3485 432 3547 et
449 3504 558 3550 rerum
576 3482 691 3549 modus
705 3482 853 3549 cernitur.
884 3479 956 3546 Hoc
969 3481 1042 3546 loco
