2476 3848
550 169 791 235 -sao-
886 204 902 218 -.

161 351 228 395 non
245 329 341 396 utilia
359 352 431 395 cum
449 327 594 394 honestis
612 349 758 413 pugnare
777 327 951 412 aliquando
968 348 1067 413 posse
1081 327 1173 394 dixe·

162 418 207 481 rit
230 415 348 502 (neque
371 417 455 482 enim
479 416 509 481 ei
530 416 580 480 fas
604 414 699 501 erat),
722 415 779 480 sed
801 437 852 498 ea,
875 437 957 499 quae
980 415 1174 483 viderentur

162 505 265 569 utilia.
310 504 403 569 Nihil
430 525 506 570 vero
533 503 629 584 utile,
657 502 742 587 quod
773 524 839 567 non
870 503 956 568 idem
983 502 1172 584 honestum,

162 592 245 656 mhil
267 593 384 658 honest
369 596 453 676 ιιιιιι,
477 592 562 677 quod
584 611 651 655 non
672 590 758 655 idem
775 593 812 654 ut
797 590 856 654 tile
876 591 920 654 sit
923 612 1048 674 ,saepe
1066 594 1172 658 testa-

162 685 217 744 tur
237 685 400 766 negatque
426 680 530 744 ullam
551 681 677 762 pestem
703 678 860 743 maiorem
882 678 917 742 ιιι
939 678 1042 743 vitam
1064 678 1172 744 homi·

161 790 239 834 num
267 768 424 832 invasisse
452 789 550 851 quam
573 787 684 830 eorum
707 765 904 849 epimonem,
934 766 990 850 qui
1015 766 1083 832 ista
1106 767 1173 832 dis·

162 856 331 921 traxerint.
376 855 503 939 ltaque,
530 876 596 919 non
622 857 659 917 ut
692 853 865 937 aliquando
897 857 1171 938 anteponeremus

162 944 258 1008 utilia
280 943 439 1020 honestis,
467 942 523 1006 sed
549 945 587 1005 ut
614 963 652 1005 ea
679 942 747 1006 sine
775 962 884 1005 errore
911 941 1172 1028 diiudicaremus,

164 1032 192 1095 si
223 1031 350 1114 quando
382 1030 583 1112 incidissent,
618 1029 744 1093 induxit
776 1051 861 1113 eam,
891 1051 973 1114 quae
1003 1029 1170 1095 rideretur

164 1140 247 1196 esse,
277 1140 344 1183 non
375 1139 457 1201 quae
494 1121 592 1200 esset,
628 1117 885 1202 repugnantiam.
939 1115 1033 1182 Hanc
1064 1118 1169 1204 igitur

162 1210 290 1290 partem
317 1206 465 1271 relictam
498 1205 697 1288 explebimus
729 1205 828 1269 nullis
857 1204 1075 1289 adminiculis,
1104 1207 1172 1290 sed,

163 1298 200 1358 ut
223 1293 348 1377 dicitur,
370 1293 475 1358 Marte
502 1296 625 1358 nostro.
670 1291 781 1376 Neque
809 1292 895 1357 enim
923 1293 1096 1377 quicquam
1119 1298 1170 1359 est

163 1382 285 1446 dehac
311 1385 405 1465 parte
431 1385 508 1464 post
534 1380 726 1445 Panaetium
749 1381 960 1464 explicatum,
987 1381 1074 1464 quod
1101 1382 1171 1466 qui-

163 1470 235 1533 dem
261 1469 343 1533 mihi
372 1470 575 1553 probaretur,
607 1469 645 1533 de
672 1468 726 1552 iis,
759 1490 840 1552 quae
868 1469 903 1532 in
934 1490 1049 1533 manus
1078 1491 1171 1535 meas

109 1625 144 1751 ὃς
161 1561 325 1710 γθῃιιιιιιιΙ
337 1645 439 1731 igitur
470 1645 580 1728 aliqua
608 1644 730 1728 species
761 1644 916 1709 utilitatis
949 1645 1076 1710 obiecta
1106 1649 1170 1730 est,

163 1733 359 1799 commoveri
383 1754 513 1797 necesse
541 1736 604 1815 est3
636 1731 693 1795 sed
719 1732 761 1814 si,
793 1754 867 1796 oum
894 1732 1036 1796 animum
1063 1734 1169 1798 atten-

164 1822 261 1904 deris,
284 1820 519 1904 turpitudinem
536 1819 646 1883 videas
666 1819 851 1884 adiunctam
870 1820 899 1884 ei
917 1820 977 1904 rei,
996 1841 1078 1903 quae
1097 1841 1169 1905 spe-

163 1910 244 1974 ciem
266 1907 419 1972 utilitatis
443 1907 603 1990 attulerit,
626 1911 697 1971 tum
718 1929 785 1972 non
806 1907 933 1972 utilitas
956 1908 1169 1992 relinquenda

164 2000 226 2080 est,
250 1996 306 2060 sed
328 1995 595 2080 intellegendum,
617 1994 674 2058 ubi
696 1995 863 2078 turpitudo
888 1995 947 2080 sit,
973 1995 1021 2060 ibi
1042 1996 1166 2061 utilite»

162 2088 231 2147 tem
254 2104 324 2146 esse
346 2104 412 2147 non
433 2104 537 2166 posse.
574 2081 696 2157 Quodsi
713 2083 795 2146 mhil
815 2087 865 2148 est
887 2087 956 2148 tam
975 2087 1090 2149 contra
1111 2107 1167 2149 na»

163 2175 272 2235 turam
295 2192 392 2253 quam
413 2169 580 2254 turpitudo
605 2167 708 2254 (recta
726 2170 812 2235 enim
835 2175 867 2235 et
886 2171 1112 2237 convenientia
1134 2175 1169 2236 et

164 2258 348 2323 constantia
373 2261 491 2322 natura
518 2255 679 2322 desiderat
706 2264 960 2343 aspernaturque
988 2257 1167 2345 contraria)

162 2346 308 2429 nihilque
330 2349 399 2410 tam
422 2346 596 2410 secundum
617 2349 769 2411 naturam
791 2368 888 2429 quam
915 2346 1056 2431 utilitas,
1080 2351 1167 2412 certe

84 2484 89 2492 .
162 2434 198 2498 in
229 2434 341 2498 eadem
371 2455 406 2498 re
438 2434 565 2498 utilitas
593 2437 626 2499 et
652 2435 819 2518 turpitudo
848 2457 918 2500 esse
949 2456 1016 2500 non
1046 2438 1165 2519 potest.

162 2521 323 2606 Itemque,
346 2522 374 2586 si
398 2522 438 2586 ad
460 2522 665 2586 honestatem
682 2523 753 2586 nati
771 2545 880 2587 sumus
900 2544 1000 2607 eaque
1019 2526 1077 2587 aut
1095 2525 1169 2588 sola

164 2610 342 2694 expetenda
368 2614 431 2694 est,
453 2613 491 2674 ut
514 2609 634 2674 Zenoni
661 2610 767 2675 visum
795 2615 858 2695 est,
886 2615 943 2675 aut
966 2614 1053 2676 certe
1077 2611 1166 2676 omni

162 2698 303 2782 pondere
326 2698 458 2784 gravior
484 2697 632 2762 habenda
659 2720 757 2782 quam
779 2695 905 2783 reliqua
928 2699 1052 2782 omnia,
1080 2698 1167 2783 quod

86 2844 89 2849 .
162 2786 336 2850 Aristoteli
357 2787 478 2870 placet,
499 2807 629 2850 necesse
652 2789 716 2870 est,
744 2787 829 2869 quod
852 2787 1025 2851 honestum
1049 2786 1106 2870 sit,
1132 2786 1167 2850 id

163 2895 232 2939 esse
256 2878 313 2938 aut
336 2875 442 2938 solum
465 2877 521 2938 aut
540 2895 700 2938 summum
718 2874 855 2958 bonum3
879 2874 965 2959 quod
983 2877 1092 2939 autem
1110 2874 1166 2939 bo-

161 2982 253 3044 num,
276 2961 309 3026 id
332 2966 418 3026 certe
440 2965 477 3025 ut
463 2961 617 3045 tile·'t,1ta,
640 2962 791 3046 quioquid
813 2961 931 3027 honest
916 2966 1001 3047 ιιιιιι,
1024 2962 1058 3026 id
1076 2963 1165 3027 utile

109 3063 143 3112 36
163 3046 268 3122 Quare
296 3070 386 3113 error
412 3011 580 3114 hominiim
613 3072 679 3114 non
705 3050 897 3201 proborum,
928 3071 1002 3116 cum
1034 3050 1166 3134 aliquid,

163 3135 249 3218 quod
274 3139 311 3199 ut
297 3136 355 3199 tile
382 3137 487 3202 visum
514 3141 578 3222 est,
605 3137 755 3222 arripuit,
786 3137 820 3202 id
847 3138 999 3204 continuo
1029 3139 1166 3203 secernit

163 3223 203 3287 ab
217 3222 334 3287 honest
320 3228 364 3288 ιο.
400 3224 529 3290 Hinc
503 3247 600 3309 arcae,
618 3225 694 3291 hinc
711 3248 847 3310 venena,
865 3226 941 3291 hinc
958 3226 1045 3291 falsa
1067 3229 1166 3291 testa-

81 3384 84 3394 1
161 3315 271 3375 menta
298 3317 483 3396 nascuntur,
510 3313 585 3378 hino
611 3314 713 3396 furta,
740 3314 922 3398 peculatus,
950 3313 1166 3399 expilationes

161 3399 420 3485 direptionesque
444 3401 605 3466 sociorum
628 3406 660 3467 et
683 3402 815 3486 civium,
836 3402 912 3468 hinc
931 3423 1030 3486 opum
1051 3401 1167 3466 nimia·

140 3507 227 3574 rum,
242 3490 421 3576 potentiae
439 3513 508 3560 non
526 3489 691 3579 ferendae,
705 3493 872 3578 postremo
885 3490 987 3554 etiam
999 3489 1038 3553 ιιι
1052 3488 1167 3555 liberis
