2476 3848
531 116 768 217 ..454ss

216 312 321 390 Quid?
339 313 367 376 is
385 311 447 375 tibi
460 316 636 376 mortemne
650 311 776 376 videtur
789 316 845 376 aut
858 311 1000 377 dolorem
1013 313 1157 381 timere?

151 402 205 486 qui
228 422 301 466 eum
323 401 420 482 diem,
450 421 512 483 quo
536 400 685 477 moritur,
713 400 844 464 beatum
871 400 1013 483 appellat
1040 423 1157 469 maxu-

151 491 275 574 misque
288 488 453 553 doloribus
468 487 611 551 adfectus
626 509 680 551 eos
699 488 787 571 ipsos
800 487 1003 553 inventorum
1017 510 1157 557 suorum

151 577 304 642 memoria
332 580 365 641 et
390 575 611 640 recordatione
639 575 785 640 confutat
814 596 873 640 nec
898 575 978 641 haec
1004 577 1052 642 sic
1074 580 1158 664 agit,

150 669 187 729 ut
205 687 243 729 ex
259 668 405 749 tempore
423 663 515 747 quasi
534 662 659 727 effutire
678 663 844 727 videatur?
875 663 923 728 De
942 669 1045 729 morte
1064 668 1158 732 enim

150 753 197 816 ita
224 752 337 834 sentit,
366 760 403 815 ut
429 751 585 815 dissoluto
617 751 781 815 animante
813 772 942 815 sensum
973 753 1158 819 extinctum

150 844 254 924 putet,
282 840 366 924 quod
394 843 501 903 autem
529 859 623 902 sensu
647 842 766 918 careat,
792 838 874 902 nihil
902 839 943 903 ad
964 861 1025 905 nos
1048 841 1082 905 id
1107 844 1157 907 iu·

152 929 237 992 dicet
258 927 426 1011 pertinere.
467 926 549 990 Item
571 927 607 990 de
628 926 736 991 dolore
758 930 845 991 certa
865 926 975 1007 habet,
998 949 1081 1012 quae
1106 953 1157 996 se-

151 1020 280 1099 quatur,
304 1016 391 1079 cuius
410 1013 664 1098 magnitudinem
686 1014 846 1079 brevitate
869 1016 1063 1099 consolatur,
1085 1018 1158 1084 lon-

98 1125 131 1174 11
152 1104 364 1188 ginquitatem
395 1102 534 1166 levitate.
593 1101 656 1177 Qui
690 1103 819 1165 tandem
855 1103 911 1166 isti
947 1105 1157 1192 grandiloqui

152 1196 264 1256 contra
294 1189 373 1254 haec
405 1188 480 1271 duo,
513 1211 593 1274 quae
623 1190 762 1253 maxime
795 1194 929 1274 angunt,
965 1192 1081 1258 melius
1121 1217 1156 1260 se

64 1291 68 1298 '
151 1279 273 1344 habent
295 1299 390 1362 quam
411 1276 590 1361 Epicurus?
614 1300 655 1342 an
678 1276 719 1342 ad
739 1280 857 1355 cetera,
881 1299 961 1360 quae
983 1279 1072 1345 mala
1096 1304 1156 1365 pu·

151 1371 273 1450 tant-ur,
304 1387 368 1431 non
401 1369 433 1430 et
463 1366 621 1448 Epicurus
653 1369 686 1429 et
715 1364 828 1449 reliqui
859 1365 1045 1450 philosophi
1073 1372 1157 1435 satis

151 1455 258 1539 parati
284 1454 454 1519 videntur?
504 1453 582 1529 Quis
609 1475 675 1517 uon
701 1458 924 1536 paupertatem
951 1454 1157 1523 extimescit?

151 1566 253 1628 neque
275 1547 385 1607 tamen
408 1543 575 1627 quisquam
597 1540 870 1624 philosophorum.

100 1629 142 1692 32
218 1630 281 1694 Hic
307 1653 383 1696 vero
409 1631 479 1713 ipse
502 1650 597 1713 quam
626 1650 725 1712 parvo
749 1633 799 1693 est
821 1631 1001 1695 contentus!
1048 1629 1155 1698 Nemo

152 1718 190 1783 de
208 1718 300 1783 tenui
316 1720 402 1782 victu
426 1719 519 1800 plura
538 1716 626 1780 dixit.
662 1715 804 1798 Etenim,
829 1739 908 1802 quae
926 1739 976 1781 res
997 1720 1155 1801 pecuniae

152 1806 359 1890 cupiditatem
379 1806 539 1887 adferunt,
562 1808 598 1867 ut
621 1804 736 1886 amori,
759 1808 796 1867 ut
813 1805 995 1888 ambitioni,
1018 1810 1055 1870 ut
1073 1809 1155 1873 coti·

152 1893 255 1958 dianis
287 1893 465 1975 sumptibus
499 1892 610 1974 copiae
642 1895 829 1974 suppetant,
862 1914 933 1956 cum
963 1894 1077 1975 procul
1112 1896 1155 1960 ab

151 1982 203 2045 his
232 1981 380 2044 omnibus
413 1981 507 2044 rebus
540 1979 637 2060 absit,
669 2000 725 2042 our
755 1980 923 2062 pecuniam
954 2001 1156 2064 magnopere

100 2091 134 2138 90
152 2069 312 2132 desideret
338 2068 389 2131 vel
415 2067 522 2149 potius
550 2088 605 2129 cur
628 2070 717 2130 curet
744 2067 896 2131 omnino?
939 2069 993 2132 An
1015 2067 1156 2152 Scythes
1221 2126 1224 2131 .

152 2154 348 2219 Anacharsis
365 2154 472 2238 potuit
489 2176 546 2236 pro
564 2153 668 2218 nihilo
691 2156 859 2236 pecuniam
877 2157 1003 2238 ducere,
1024 2162 1157 2224 nostra·

150 2248 200 2307 tes
233 2241 419 2326 philosophi
445 2241 550 2307 facere
576 2264 642 2307 non
668 2242 840 2325 poterunt?
888 2243 980 2309 Illius
1013 2245 1158 2327 epistula

151 2330 255 2395 fertur
277 2330 327 2394 his
350 2330 469 2394 verbis:
502 2330 753 2394 ‘Anacharsis
775 2329 953 2396 Hannoni
980 2333 1157 2399 salutem.

151 2418 247 2483 Mihi
278 2418 437 2483 amictui
469 2423 527 2482 est
553 2416 773 2501 Scythicum
800 2420 980 2502 tegimen,
1009 2421 1157 2487 calcia·

151 2511 317 2572 mentum
347 2508 513 2571 solorum
541 2507 693 2589 callum,
722 2507 849 2570 cubile
877 2511 990 2591 terra,
1017 2508 1157 2594 pulpa-

152 2600 317 2659 mentum
357 2594 490 2676 fames,
531 2596 645 2675 lacte,
685 2616 809 2677 caseo,
854 2617 965 2658 earne
1009 2617 1157 2664 vescor.

153 2683 276 2759 Quare
299 2688 340 2746 ut
363 2684 407 2746 ad
430 2684 598 2767 quietum
620 2703 675 2746 me
698 2683 791 2746 licet
814 2683 953 2747 venias.
996 2682 1159 2751 Munera

153 2775 278 2835 autem
305 2771 395 2850 ista,
427 2771 564 2854 quibus
592 2791 630 2833 es
658 2769 885 2852 delectatus,
917 2772 976 2834 vel
1003 2773 1157 2839 civibus

152 2862 230 2923 tuis
268 2859 327 2922 111
364 2859 420 2922 dis
457 2858 737 2922 immortalibus
770 2858 886 2923 dona!
936 2857 1052 2923 Omnes
1085 2860 1158 2926 fere

151 2946 336 3031 philosophi
364 2946 507 3010 omnium
539 2945 792 3029 disciplinarum,
822 2947 885 3010 nisi
912 2968 992 3030 quos
1019 2953 1159 3015 erecta

152 3036 276 3099 ratione
303 3038 419 3098 natura
445 3034 562 3098 vitiosa
588 3032 789 3116 detorsisset,
816 3034 926 3098 eodem
952 3033 1014 3098 hoc
1043 3036 1158 3103 animo

127 3144 223 3189 „esse
244 3125 426 3205 potuerunt.
475 3120 634 3203 Socrates,
661 3120 695 3184 in
722 3143 841 3204 pompa
863 3143 934 3187 oum
962 3142 1081 3206 magna
1103 3125 1158 3191 vis

152 3211 222 3274 auri
253 3211 439 3295 argentique
468 3210 618 3292 ferretur,
648 3206 780 3282 ‘Quam
807 3211 927 3274 multa
948 3230 1025 3274 non
1052 3210 1159 3277 desi·

152 3297 268 3362 derol'
291 3298 402 3381 inquit.
446 3295 657 3378 Xenocrates,
687 3318 759 3361 oum
781 3297 881 3382 legati
904 3297 944 3362 ab
967 3297 1156 3366 Alexandro

151 3385 384 3471 quinquaginta
406 3385 436 3448 11
458 3386 579 3449 talenta
601 3384 798 3468 attulissent,
821 3408 903 3470 quae
923 3389 992 3450 erat
1013 3389 1157 3469 pecunia

63 3443 349 3634 ἣῃῳο1111111
368 3473 447 3555 11111,
465 3471 601 3536 Athenis
619 3472 817 3558 praesertim,
841 3495 998 3556 maxuma,
1016 3474 1158 3543 abduxit
