2476 3848
483 159 725 224 „229-

104 330 188 395 dcra
231 329 348 416 Itaque
378 331 560 415 acecpimus
585 329 752 396 Socratem
784 331 945 396 exsecrari
975 332 1111 399 solitum

104 439 173 495 eos,
204 419 261 501 qui
290 418 432 503 primum
461 417 543 482 haec
572 423 692 483 natura
721 418 929 484 cohaeoentia
958 420 1111 504 opinione

104 505 338 570 ffisuamssent
382 504 444 570 cui
466 506 596 589 quidem
616 507 667 570 ita
688 512 765 571 sunt
787 504 889 571 Stoici
911 506 1050 591 adsensi,
1071 512 1111 573 ut

104 596 150 674 et,
176 593 329 677 quicquid
348 593 523 658 honestum
549 599 649 676 esset,
675 594 709 657 id
735 594 817 659 utile
844 615 916 658 esse
942 600 1112 661 censerent

103 702 162 746 nec
174 681 256 745 utile
269 682 451 765 quicquam,
464 682 551 765 quod
559 703 627 747 non
639 682 822 747 honestum.
845 680 968 758 Quodsi
980 683 1010 746 is
1024 687 1111 748 esset
1130 702 1163 751 12

103 768 290 852 Panaetius,
322 769 379 852 qui
403 770 559 833 virtutem
585 775 759 855 propterea
784 770 954 835 colendam
980 771 1111 856 diceret,

104 857 190 940 quod
212 878 251 921 ea
272 857 414 921 efficiens
436 858 592 922 utilitatis
614 863 714 940 esset,
739 863 778 922 ut
799 858 838 940 ii,
865 859 921 942 qui
943 880 995 923 res
1018 881 1111 945 expe·

103 945 217 1009 tendas
239 946 291 1009 vel
312 946 481 1029 voluptate
503 946 556 1010 vel
577 946 757 1011 indolentia
778 947 972 1030 metiuntur,
998 947 1112 1013 liceret

105 1033 134 1096 ei
157 1032 261 1097 dicere
282 1033 460 1096 utilitatem
479 1033 653 1116 aliquando
671 1056 744 1099 cum
761 1034 934 1100 honestate
950 1052 1112 1122 pugnare,
1157 1036 1161 1042 '

45 1127 48 1131 ’
105 1120 160 1184 sed
187 1141 260 1184 cum
287 1120 331 1183 sit
356 1121 401 1203 is,
432 1120 549 1203 quiid
579 1122 685 1186 solum
712 1123 834 1186 bonum
860 1123 993 1206 iudicet,
1024 1124 1112 1208 quod

104 1207 276 1272 honestum
299 1208 352 1289 sit,
374 1230 457 1292 quae
479 1213 589 1273 autem
611 1209 688 1274 huic
710 1213 892 1296 repugnent
910 1211 1016 1295 specie
1034 1233 1112 1296 qua·

106 1295 180 1359 dam
193 1295 358 1378 utilitatis,
375 1317 487 1360 eorum
500 1317 604 1379 neque
623 1297 805 1361 accessione
822 1298 990 1363 meliorem
1008 1299 1112 1364 vitam

104 1383 176 1446 ficri
191 1404 251 1448 nec
268 1383 452 1448 decessione
469 1384 621 1467 peiorem,
643 1404 709 1447 non
729 1383 857 1449 videtur
875 1384 1023 1450 debuisse
1042 1386 1111 1451 eius

105 1471 194 1535 modi
215 1471 481 1535 deliberationem
507 1470 725 1553 introducere,
750 1471 786 1535 in
813 1493 890 1555 qua,
917 1473 1003 1555 quod
1029 1472 1111 1537 utile

106 1558 281 1643 videretur,
303 1580 377 1623 cum
399 1580 451 1641 eo,
474 1558 561 1642 quod
581 1557 755 1623 honestum
777 1562 838 1640 est,
859 1563 1111 1642 compararetur.

106 1644 236 1710 Etenim
260 1646 346 1730 quod
368 1667 530 1711 summum
551 1647 673 1710 bonum
696 1668 717 1710 a
739 1643 857 1711 Stoicis
881 1645 1012 1730 dieitur,
1040 1665 1164 1714 con-1³

105 1734 270 1798 venienter
296 1738 432 1798 naturae
458 1734 580 1818 vivere,
611 1733 645 1798 id
672 1733 772 1798 habet
798 1734 895 1817 hano,
923 1737 960 1798 ut
988 1734 1113 1820 opinor,

106 1822 313 1886 sententiam:
350 1844 423 1886 cum
458 1823 580 1886 virtute
616 1842 793 1908 congruere
829 1843 969 1907 semper,
1005 1825 1113 1886 cetera

106 1913 227 1992 autem,
251 1931 332 1992 quae
355 1910 528 1974 secundum
550 1913 701 1974 naturam
725 1913 846 1994 essent,
868 1909 916 1974 ita
939 1910 1062 1996 legere,
1085 1909 1113 1974 si

107 2017 146 2061 ea
167 1997 282 2061 virtuti
303 2019 370 2062 non
389 2002 616 2082 repugnarent
653 1996 745 2073 Quod
762 2019 835 2063 eum
853 1997 901 2062 ita
920 1997 972 2082 sit,
994 2000 1113 2082 putant

106 2084 236 2167 quidam
262 2084 347 2150 hanc
374 2085 648 2168 comparationem
678 2107 744 2150 non
771 2089 858 2150 recte
883 2085 1113 2170 introductam,

105 2192 164 2237 nee
196 2172 326 2237 omnino
359 2172 397 2237 de
429 2194 468 2237 eo
500 2195 617 2258 genere
650 2173 822 2256 quicquam
851 2173 1112 2260 praecipiendum

105 2259 213 2324 fuisse.
258 2258 361 2343 Atqui
395 2259 478 2323 illud
505 2261 634 2344 quidem
656 2260 842 2344 honestum,
870 2262 956 2344 quod
982 2260 1112 2347 proprie

105 2346 751 2518 saeculalaria
770 2348 943 2498 elul

107 2522 168 2585 bus
195 2521 355 2605 sapientia
382 2522 526 2606 perfecta
551 2543 618 2586 non
644 2482 707 2605 es’t,
739 2521 846 2605 ipsum
875 2520 956 2585 illud
984 2520 1112 2603 quidem

106 2609 284 2694 perfectum
307 2609 479 2674 honestum
500 2609 591 2674 nullo
610 2609 716 2691 modo,
739 2606 966 2672 similitudines
984 2606 1113 2671 honesti

107 2717 177 2761 esse
199 2701 346 2781 possunt.
382 2695 472 2760 Haec
495 2696 580 2760 enim
604 2695 720 2778 officia,
743 2694 781 2759 de
805 2693 921 2778 quibus
943 2693 995 2757 his
1019 2692 1113 2759 libris
1133 2710 1166 2762 ll

108 2784 320 2868 disputamus
337 2784 445 2849 media
459 2781 559 2848 Stoici
578 2783 758 2869 appellant3
781 2804 819 2847 ea
837 2780 1019 2846 communia
1038 2783 1113 2846 sunt

108 2875 141 2936 et
167 2872 234 2936 late
261 2875 389 2956 patent,
419 2893 500 2955 quae
529 2874 562 2936 et
588 2870 710 2956 ingenii
736 2869 883 2936 bonitate
910 2867 1007 2933 multi
1030 2888 1113 2934 asse-

108 2963 251 3043 quuntur
279 2963 311 3024 et
338 2958 565 3044 progressione
593 2957 743 3023 discendi.
788 2955 874 3021 Illud
904 2959 1013 3023 autem
1045 2956 1114 3023 offl-

107 3047 206 3125 cium,
229 3047 315 3130 quod
341 3049 466 3111 rectum
493 3046 578 3110 idem
605 3045 784 3131 appellant,
814 3044 993 3131 perfectum
1017 3048 1114 3130 etque

108 3135 296 3200 absolutum
328 3137 378 3199 est
410 3137 455 3217 et,
487 3136 524 3198 ut
553 3133 638 3198 idem
670 3132 792 3217 dicunt,
824 3154 935 3198 omnes
962 3154 1113 3199 numeros

107 3222 208 3286 habet
239 3243 298 3287 nec
329 3224 458 3307 praeter
490 3220 669 3305 sapientem
701 3220 814 3286 cadere
850 3220 883 3286 in
920 3242 1113 3305 quemquam

107 3312 226 3395 potest.
264 3307 346 3374 (lum
369 3312 478 3374 autem
501 3308 623 3392 aliquid
646 3311 753 3374 actum
776 3311 842 3393 est,
863 3308 898 3374 in
921 3330 984 3394 quo
1008 3309 1114 3375 media
1134 3324 1166 3375 le

108 3397 216 3462 officia
235 3399 452 3481 compareant,
470 3395 503 3461 id
521 3396 683 3462 cumulate
697 3396 824 3463 videtur
842 3418 911 3462 ease
926 3396 1113 3483 perfectum,

107 3488 282 3570 propterea
300 3482 386 3569 quod
404 3483 529 3571 volgus,
553 3484 629 3570 quid
647 3484 734 3551 absit
753 3508 772 3551 a
789 3484 941 3572 perfecto,
963 3506 1028 3550 non
1046 3484 1114 3550 fero
1214 3454 1222 3557 i
