<?xml version="1.0" encoding="UTF-8"?>
<!DOCTYPE html PUBLIC "-//W3C//DTD XHTML 1.0 Transitional//EN"
    "http://www.w3.org/TR/xhtml1/DTD/xhtml1-transitional.dtd">
<html xmlns="http://www.w3.org/1999/xhtml" xml:lang="en" lang="en">
 <head>
  <title>
</title>
<meta http-equiv="Content-Type" content="text/html;charset=utf-8" />
  <meta name='ocr-system' content='tesseract 3.04.00' />
  <meta name='ocr-capabilities' content='ocr_page ocr_carea ocr_par ocr_line ocrx_word'/>
</head>
<body>
  <div class='ocr_page' id='page_1' title='image "./cicerosphilosop01cicegoog_0451.png"; bbox 0 0 2476 3848; ppageno 0'>
   <div class='ocr_carea' id='block_1_1' title="bbox 533 187 772 251">
    <p class='ocr_par' dir='ltr' id='par_1_1' title="bbox 533 187 772 251">
     <span class='ocr_line' id='line_1_1' title="bbox 533 187 772 251; baseline -0.004 0"><span class='ocrx_word' id='word_1_1' title='bbox 533 187 772 251; x_wconf 87' lang='lat'>-434-</span> 
     </span>
    </p>
   </div>
   <div class='ocr_carea' id='block_1_2' title="bbox 94 342 1170 2613">
    <p class='ocr_par' dir='ltr' id='par_1_2' title="bbox 96 342 1169 1479">
     <span class='ocr_line' id='line_1_2' title="bbox 96 342 1168 429; baseline -0.004 -15"><span class='ocrx_word' id='word_1_2' title='bbox 96 367 130 415; x_wconf 83' lang='lat' dir='ltr'><strong>ao</strong></span> <span class='ocrx_word' id='word_1_3' title='bbox 149 367 218 409; x_wconf 90' lang='lat' dir='ltr'><strong>esse</strong></span> <span class='ocrx_word' id='word_1_4' title='bbox 241 345 366 429; x_wconf 76' lang='lat' dir='ltr'><strong>possit?</strong></span> <span class='ocrx_word' id='word_1_5' title='bbox 415 343 491 410; x_wconf 91' lang='lat' dir='ltr'><strong>Non</strong></span> <span class='ocrx_word' id='word_1_6' title='bbox 518 345 618 429; x_wconf 88' lang='lat' dir='ltr'><strong>igitur</strong></span> <span class='ocrx_word' id='word_1_7' title='bbox 644 343 739 409; x_wconf 83' lang='lat' dir='ltr'><strong>facile</strong></span> <span class='ocrx_word' id='word_1_8' title='bbox 762 343 900 409; x_wconf 89' lang='lat' dir='ltr'><strong>concedo</strong></span> <span class='ocrx_word' id='word_1_9' title='bbox 925 365 1028 428; x_wconf 89' lang='lat' dir='ltr'><strong>neque</strong></span> <span class='ocrx_word' id='word_1_10' title='bbox 1050 342 1168 410; x_wconf 85' lang='lat' dir='ltr'><strong>Bruto</strong></span> 
     </span>
     <span class='ocr_line' id='line_1_3' title="bbox 149 431 1169 518; baseline 0.001 -21"><span class='ocrx_word' id='word_1_11' title='bbox 149 455 220 498; x_wconf 90' lang='lat' dir='ltr'><strong>meo</strong></span> <span class='ocrx_word' id='word_1_12' title='bbox 243 455 346 518; x_wconf 92' lang='lat' dir='ltr'><strong>neque</strong></span> <span class='ocrx_word' id='word_1_13' title='bbox 370 432 592 498; x_wconf 91' lang='lat' dir='ltr'><strong>communibus</strong></span> <span class='ocrx_word' id='word_1_14' title='bbox 615 432 782 516; x_wconf 79' lang='lat' dir='ltr'><strong>magistris</strong></span> <span class='ocrx_word' id='word_1_15' title='bbox 805 453 863 496; x_wconf 88' lang='lat' dir='ltr'><strong>nec</strong></span> <span class='ocrx_word' id='word_1_16' title='bbox 890 432 1053 496; x_wconf 82' lang='lat' dir='ltr'><strong>veteribus</strong></span> <span class='ocrx_word' id='word_1_17' title='bbox 1080 431 1169 517; x_wconf 87' lang='lat' dir='ltr'><strong>illis,</strong></span> 
     </span>
     <span class='ocr_line' id='line_1_4' title="bbox 148 518 1166 604; baseline 0.002 -20"><span class='ocrx_word' id='word_1_18' title='bbox 148 520 331 603; x_wconf 74' lang='lat' dir='ltr'><strong>Aristoteli,</strong></span> <span class='ocrx_word' id='word_1_19' title='bbox 359 519 552 604; x_wconf 85' lang='lat' dir='ltr'><strong>Speusippo,</strong></span> <span class='ocrx_word' id='word_1_20' title='bbox 579 518 765 602; x_wconf 75' lang='lat' dir='ltr'><strong>Xenocrati,</strong></span> <span class='ocrx_word' id='word_1_21' title='bbox 793 518 975 597; x_wconf 90' lang='lat' dir='ltr'><strong>Polemoni,</strong></span> <span class='ocrx_word' id='word_1_22' title='bbox 1002 522 1052 603; x_wconf 89' lang='lat' dir='ltr'><strong>ut,</strong></span> <span class='ocrx_word' id='word_1_23' title='bbox 1083 541 1166 586; x_wconf 87' lang='lat' dir='ltr'><strong>cum</strong></span> 
     </span>
     <span class='ocr_line' id='line_1_5' title="bbox 149 607 1164 692; baseline 0.001 -20"><span class='ocrx_word' id='word_1_24' title='bbox 149 630 200 691; x_wconf 91' lang='lat' dir='ltr'><strong>ea,</strong></span> <span class='ocrx_word' id='word_1_25' title='bbox 227 630 308 692; x_wconf 89' lang='lat' dir='ltr'><strong>quae</strong></span> <span class='ocrx_word' id='word_1_26' title='bbox 332 630 429 691; x_wconf 89' lang='lat' dir='ltr'><strong>supra</strong></span> <span class='ocrx_word' id='word_1_27' title='bbox 452 607 648 690; x_wconf 83' lang='lat' dir='ltr'><strong>enumeravi,</strong></span> <span class='ocrx_word' id='word_1_28' title='bbox 677 607 711 670; x_wconf 90' lang='lat' dir='ltr'><strong>in</strong></span> <span class='ocrx_word' id='word_1_29' title='bbox 735 607 829 671; x_wconf 87' lang='lat' dir='ltr'><strong>malis</strong></span> <span class='ocrx_word' id='word_1_30' title='bbox 852 610 1033 689; x_wconf 88' lang='lat' dir='ltr'><strong>numerent,</strong></span> <span class='ocrx_word' id='word_1_31' title='bbox 1056 607 1164 673; x_wconf 89' lang='lat' dir='ltr'><strong>iidem</strong></span> 
     </span>
     <span class='ocr_line' id='line_1_6' title="bbox 149 693 1164 778; baseline 0.001 -18"><span class='ocrx_word' id='word_1_32' title='bbox 149 696 258 761; x_wconf 87' lang='lat' dir='ltr'><strong>dicant</strong></span> <span class='ocrx_word' id='word_1_33' title='bbox 276 717 402 778; x_wconf 93' lang='lat' dir='ltr'><strong>semper</strong></span> <span class='ocrx_word' id='word_1_34' title='bbox 419 695 550 760; x_wconf 88' lang='lat' dir='ltr'><strong>beatum</strong></span> <span class='ocrx_word' id='word_1_35' title='bbox 569 716 639 759; x_wconf 91' lang='lat' dir='ltr'><strong>esse</strong></span> <span class='ocrx_word' id='word_1_36' title='bbox 657 694 843 778; x_wconf 89' lang='lat' dir='ltr'><strong>sapientem.</strong></span> <span class='ocrx_word' id='word_1_37' title='bbox 881 693 970 770; x_wconf 84' lang='lat' dir='ltr'><strong>Quos</strong></span> <span class='ocrx_word' id='word_1_38' title='bbox 989 694 1017 758; x_wconf 91' lang='lat' dir='ltr'><strong>si</strong></span> <span class='ocrx_word' id='word_1_39' title='bbox 1038 695 1164 761; x_wconf 90' lang='lat' dir='ltr'><strong>titulus</strong></span> 
     </span>
     <span class='ocr_line' id='line_1_7' title="bbox 148 779 1166 867; baseline 0 -20"><span class='ocrx_word' id='word_1_40' title='bbox 148 783 201 848; x_wconf 88' lang='lat' dir='ltr'><strong>hic</strong></span> <span class='ocrx_word' id='word_1_41' title='bbox 228 784 366 847; x_wconf 88' lang='lat' dir='ltr'><strong>delectat</strong></span> <span class='ocrx_word' id='word_1_42' title='bbox 392 783 529 867; x_wconf 91' lang='lat' dir='ltr'><strong>insignis</strong></span> <span class='ocrx_word' id='word_1_43' title='bbox 557 786 590 847; x_wconf 90' lang='lat' dir='ltr'><strong>et</strong></span> <span class='ocrx_word' id='word_1_44' title='bbox 612 782 759 866; x_wconf 82' lang='lat' dir='ltr'><strong>pulcher,</strong></span> <span class='ocrx_word' id='word_1_45' title='bbox 787 780 990 866; x_wconf 78' lang='lat' dir='ltr'><strong>Pythagora,</strong></span> <span class='ocrx_word' id='word_1_46' title='bbox 1013 779 1166 865; x_wconf 86' lang='lat' dir='ltr'><strong>Socrate,</strong></span> 
     </span>
     <span class='ocr_line' id='line_1_8' title="bbox 148 870 1164 952; baseline 0.002 -18"><span class='ocrx_word' id='word_1_47' title='bbox 148 870 282 934; x_wconf 90' lang='lat' dir='ltr'><strong>Platone</strong></span> <span class='ocrx_word' id='word_1_48' title='bbox 314 870 534 952; x_wconf 84' lang='lat' dir='ltr'><strong>dignissimus,</strong></span> <span class='ocrx_word' id='word_1_49' title='bbox 565 870 717 934; x_wconf 82' lang='lat' dir='ltr'><strong>inducant</strong></span> <span class='ocrx_word' id='word_1_50' title='bbox 743 870 887 933; x_wconf 89' lang='lat' dir='ltr'><strong>animum</strong></span> <span class='ocrx_word' id='word_1_51' title='bbox 914 870 985 952; x_wconf 90' lang='lat' dir='ltr'><strong>illa,</strong></span> <span class='ocrx_word' id='word_1_52' title='bbox 1018 890 1164 952; x_wconf 86' lang='lat' dir='ltr'><strong>quorum</strong></span> 
     </span>
     <span class='ocr_line' id='line_1_9' title="bbox 148 956 1166 1043; baseline 0 -20"><span class='ocrx_word' id='word_1_53' title='bbox 148 958 316 1042; x_wconf 84' lang='lat' dir='ltr'><strong>splendore</strong></span> <span class='ocrx_word' id='word_1_54' title='bbox 331 957 509 1039; x_wconf 92' lang='lat' dir='ltr'><strong>capiuntur,</strong></span> <span class='ocrx_word' id='word_1_55' title='bbox 523 958 617 1040; x_wconf 84' lang='lat' dir='ltr'><strong>vires,</strong></span> <span class='ocrx_word' id='word_1_56' title='bbox 631 957 856 1040; x_wconf 84' lang='lat' dir='ltr'><strong>valetudinem,</strong></span> <span class='ocrx_word' id='word_1_57' title='bbox 870 956 1166 1043; x_wconf 85' lang='lat' dir='ltr'><strong>pulchritudinem,</strong></span> 
     </span>
     <span class='ocr_line' id='line_1_10' title="bbox 148 1044 1163 1128; baseline 0.003 -20"><span class='ocrx_word' id='word_1_58' title='bbox 148 1046 287 1127; x_wconf 87' lang='lat' dir='ltr'><strong>divitias,</strong></span> <span class='ocrx_word' id='word_1_59' title='bbox 304 1045 452 1126; x_wconf 88' lang='lat' dir='ltr'><strong>honores,</strong></span> <span class='ocrx_word' id='word_1_60' title='bbox 472 1066 548 1127; x_wconf 91' lang='lat' dir='ltr'><strong>opes</strong></span> <span class='ocrx_word' id='word_1_61' title='bbox 569 1048 771 1109; x_wconf 84' lang='lat' dir='ltr'><strong>contemnere</strong></span> <span class='ocrx_word' id='word_1_62' title='bbox 790 1065 897 1128; x_wconf 85' lang='lat' dir='ltr'><strong>eaque,</strong></span> <span class='ocrx_word' id='word_1_63' title='bbox 916 1066 998 1127; x_wconf 89' lang='lat' dir='ltr'><strong>quae</strong></span> <span class='ocrx_word' id='word_1_64' title='bbox 1012 1044 1064 1109; x_wconf 93' lang='lat' dir='ltr'><strong>his</strong></span> <span class='ocrx_word' id='word_1_65' title='bbox 1080 1067 1163 1111; x_wconf 88' lang='lat' dir='ltr'><strong>con·</strong></span> 
     </span>
     <span class='ocr_line' id='line_1_11' title="bbox 146 1132 1161 1215; baseline 0.003 -18"><span class='ocrx_word' id='word_1_66' title='bbox 146 1134 247 1198; x_wconf 89' lang='lat' dir='ltr'><strong>traria</strong></span> <span class='ocrx_word' id='word_1_67' title='bbox 266 1141 352 1214; x_wconf 88' lang='lat' dir='ltr'><strong>sunt,</strong></span> <span class='ocrx_word' id='word_1_68' title='bbox 371 1133 547 1214; x_wconf 91' lang='lat' dir='ltr'><strong>pronihilo</strong></span> <span class='ocrx_word' id='word_1_69' title='bbox 566 1133 693 1215; x_wconf 70' lang='lat' dir='ltr'><strong>ducere,</strong></span> <span class='ocrx_word' id='word_1_70' title='bbox 712 1133 781 1196; x_wconf 89' lang='lat' dir='ltr'><strong>tum</strong></span> <span class='ocrx_word' id='word_1_71' title='bbox 799 1134 953 1215; x_wconf 92' lang='lat' dir='ltr'><strong>poterunt</strong></span> <span class='ocrx_word' id='word_1_72' title='bbox 972 1132 1161 1200; x_wconf 81' lang='lat' dir='ltr'><strong>clarissima</strong></span> 
     </span>
     <span class='ocr_line' id='line_1_12' title="bbox 147 1219 1162 1303; baseline 0.002 -19"><span class='ocrx_word' id='word_1_73' title='bbox 147 1241 224 1285; x_wconf 86' lang='lat' dir='ltr'><strong>voce</strong></span> <span class='ocrx_word' id='word_1_74' title='bbox 246 1219 391 1302; x_wconf 90' lang='lat' dir='ltr'><strong>profiteri</strong></span> <span class='ocrx_word' id='word_1_75' title='bbox 414 1240 447 1282; x_wconf 94' lang='lat' dir='ltr'><strong>se</strong></span> <span class='ocrx_word' id='word_1_76' title='bbox 470 1241 573 1303; x_wconf 90' lang='lat' dir='ltr'><strong>neque</strong></span> <span class='ocrx_word' id='word_1_77' title='bbox 602 1220 751 1285; x_wconf 86' lang='lat' dir='ltr'><strong>fortunae</strong></span> <span class='ocrx_word' id='word_1_78' title='bbox 778 1220 902 1301; x_wconf 87' lang='lat' dir='ltr'><strong>impetu</strong></span> <span class='ocrx_word' id='word_1_79' title='bbox 924 1240 983 1284; x_wconf 88' lang='lat' dir='ltr'><strong>nec</strong></span> <span class='ocrx_word' id='word_1_80' title='bbox 1005 1220 1162 1286; x_wconf 85' lang='lat' dir='ltr'><strong>multitu·</strong></span> 
     </span>
     <span class='ocr_line' id='line_1_13' title="bbox 147 1306 1160 1390; baseline 0.002 -19"><span class='ocrx_word' id='word_1_81' title='bbox 147 1308 231 1371; x_wconf 92' lang='lat' dir='ltr'><strong>dinis</strong></span> <span class='ocrx_word' id='word_1_82' title='bbox 246 1307 396 1390; x_wconf 90' lang='lat' dir='ltr'><strong>opinione</strong></span> <span class='ocrx_word' id='word_1_83' title='bbox 410 1327 469 1371; x_wconf 88' lang='lat' dir='ltr'><strong>nec</strong></span> <span class='ocrx_word' id='word_1_84' title='bbox 483 1306 592 1371; x_wconf 91' lang='lat' dir='ltr'><strong>dolore</strong></span> <span class='ocrx_word' id='word_1_85' title='bbox 605 1329 665 1371; x_wconf 92' lang='lat' dir='ltr'><strong>nec</strong></span> <span class='ocrx_word' id='word_1_86' title='bbox 683 1310 874 1390; x_wconf 86' lang='lat' dir='ltr'><strong>paupertate</strong></span> <span class='ocrx_word' id='word_1_87' title='bbox 887 1307 1011 1390; x_wconf 90' lang='lat' dir='ltr'><strong>terreri,</strong></span> <span class='ocrx_word' id='word_1_88' title='bbox 1030 1308 1160 1373; x_wconf 88' lang='lat' dir='ltr'><strong>omnia·</strong></span> 
     </span>
     <span class='ocr_line' id='line_1_14' title="bbox 147 1395 1163 1479; baseline 0.001 -20"><span class='ocrx_word' id='word_1_89' title='bbox 147 1418 208 1479; x_wconf 91' lang='lat' dir='ltr'><strong>que</strong></span> <span class='ocrx_word' id='word_1_90' title='bbox 232 1395 295 1459; x_wconf 88' lang='lat' dir='ltr'><strong>sibi</strong></span> <span class='ocrx_word' id='word_1_91' title='bbox 317 1396 352 1459; x_wconf 94' lang='lat' dir='ltr'><strong>in</strong></span> <span class='ocrx_word' id='word_1_92' title='bbox 376 1417 445 1459; x_wconf 91' lang='lat' dir='ltr'><strong>sese</strong></span> <span class='ocrx_word' id='word_1_93' title='bbox 467 1417 535 1458; x_wconf 90' lang='lat' dir='ltr'><strong>esse</strong></span> <span class='ocrx_word' id='word_1_94' title='bbox 557 1395 678 1478; x_wconf 91' lang='lat' dir='ltr'><strong>posita,</strong></span> <span class='ocrx_word' id='word_1_95' title='bbox 700 1416 759 1459; x_wconf 93' lang='lat' dir='ltr'><strong>nec</strong></span> <span class='ocrx_word' id='word_1_96' title='bbox 778 1415 847 1458; x_wconf 90' lang='lat' dir='ltr'><strong>esse</strong></span> <span class='ocrx_word' id='word_1_97' title='bbox 871 1395 1042 1477; x_wconf 87' lang='lat' dir='ltr'><strong>quicquam</strong></span> <span class='ocrx_word' id='word_1_98' title='bbox 1062 1399 1163 1460; x_wconf 77' lang='lat' dir='ltr'><strong>extra</strong></span> 
     </span>
    </p>

    <p class='ocr_par' dir='ltr' id='par_1_3' title="bbox 94 1480 1170 2613">
     <span class='ocr_line' id='line_1_15' title="bbox 94 1480 1163 1566; baseline -0.001 -16"><span class='ocrx_word' id='word_1_99' title='bbox 94 1502 123 1550; x_wconf 82' lang='lat'><strong>31</strong></span> <span class='ocrx_word' id='word_1_100' title='bbox 148 1505 239 1547; x_wconf 87' lang='lat' dir='ltr'><strong>suam</strong></span> <span class='ocrx_word' id='word_1_101' title='bbox 268 1486 476 1566; x_wconf 88' lang='lat' dir='ltr'><strong>potestatem,</strong></span> <span class='ocrx_word' id='word_1_102' title='bbox 506 1483 590 1566; x_wconf 88' lang='lat' dir='ltr'><strong>quod</strong></span> <span class='ocrx_word' id='word_1_103' title='bbox 621 1482 741 1546; x_wconf 91' lang='lat' dir='ltr'><strong>ducant</strong></span> <span class='ocrx_word' id='word_1_104' title='bbox 771 1483 805 1546; x_wconf 91' lang='lat' dir='ltr'><strong>in</strong></span> <span class='ocrx_word' id='word_1_105' title='bbox 836 1481 940 1546; x_wconf 89' lang='lat' dir='ltr'><strong>bonis.</strong></span> <span class='ocrx_word' id='word_1_106' title='bbox 994 1480 1090 1547; x_wconf 90' lang='lat' dir='ltr'><strong>Nunc</strong></span> <span class='ocrx_word' id='word_1_107' title='bbox 1123 1488 1163 1549; x_wconf 85' lang='lat' dir='ltr'><strong>et</strong></span> 
     </span>
     <span class='ocr_line' id='line_1_16' title="bbox 146 1568 1162 1654; baseline 0.002 -21"><span class='ocrx_word' id='word_1_108' title='bbox 146 1569 225 1634; x_wconf 88' lang='lat' dir='ltr'><strong>haec</strong></span> <span class='ocrx_word' id='word_1_109' title='bbox 248 1571 351 1654; x_wconf 92' lang='lat' dir='ltr'><strong>loqui,</strong></span> <span class='ocrx_word' id='word_1_110' title='bbox 373 1592 455 1653; x_wconf 91' lang='lat' dir='ltr'><strong>quae</strong></span> <span class='ocrx_word' id='word_1_111' title='bbox 474 1574 548 1634; x_wconf 90' lang='lat' dir='ltr'><strong>sunt</strong></span> <span class='ocrx_word' id='word_1_112' title='bbox 566 1570 678 1654; x_wconf 90' lang='lat' dir='ltr'><strong>magni</strong></span> <span class='ocrx_word' id='word_1_113' title='bbox 697 1569 861 1633; x_wconf 88' lang='lat' dir='ltr'><strong>cuiusdam</strong></span> <span class='ocrx_word' id='word_1_114' title='bbox 885 1572 917 1632; x_wconf 92' lang='lat' dir='ltr'><strong>et</strong></span> <span class='ocrx_word' id='word_1_115' title='bbox 941 1568 1000 1632; x_wconf 92' lang='lat' dir='ltr'><strong>alti</strong></span> <span class='ocrx_word' id='word_1_116' title='bbox 1023 1568 1097 1651; x_wconf 84' lang='lat' dir='ltr'><strong>viri,</strong></span> <span class='ocrx_word' id='word_1_117' title='bbox 1122 1576 1162 1635; x_wconf 89' lang='lat' dir='ltr'><strong>et</strong></span> 
     </span>
     <span class='ocr_line' id='line_1_17' title="bbox 147 1657 1160 1741; baseline 0 -20"><span class='ocrx_word' id='word_1_118' title='bbox 147 1659 271 1741; x_wconf 90' lang='lat' dir='ltr'><strong>eadem,</strong></span> <span class='ocrx_word' id='word_1_119' title='bbox 294 1679 374 1741; x_wconf 91' lang='lat' dir='ltr'><strong>quae</strong></span> <span class='ocrx_word' id='word_1_120' title='bbox 397 1658 526 1741; x_wconf 88' lang='lat' dir='ltr'><strong>vulgus,</strong></span> <span class='ocrx_word' id='word_1_121' title='bbox 548 1658 583 1720; x_wconf 91' lang='lat' dir='ltr'><strong>in</strong></span> <span class='ocrx_word' id='word_1_122' title='bbox 601 1658 696 1721; x_wconf 91' lang='lat' dir='ltr'><strong>malis</strong></span> <span class='ocrx_word' id='word_1_123' title='bbox 716 1662 749 1720; x_wconf 90' lang='lat' dir='ltr'><strong>et</strong></span> <span class='ocrx_word' id='word_1_124' title='bbox 770 1657 864 1721; x_wconf 89' lang='lat' dir='ltr'><strong>bonis</strong></span> <span class='ocrx_word' id='word_1_125' title='bbox 888 1677 1058 1720; x_wconf 91' lang='lat' dir='ltr'><strong>numerare</strong></span> <span class='ocrx_word' id='word_1_126' title='bbox 1076 1677 1160 1721; x_wconf 87' lang='lat' dir='ltr'><strong>eon-</strong></span> 
     </span>
     <span class='ocr_line' id='line_1_18' title="bbox 146 1743 1160 1828; baseline 0.001 -19"><span class='ocrx_word' id='word_1_127' title='bbox 146 1746 215 1809; x_wconf 92' lang='lat' dir='ltr'><strong>cedi</strong></span> <span class='ocrx_word' id='word_1_128' title='bbox 242 1745 332 1809; x_wconf 92' lang='lat' dir='ltr'><strong>nullo</strong></span> <span class='ocrx_word' id='word_1_129' title='bbox 359 1745 455 1809; x_wconf 89' lang='lat' dir='ltr'><strong>modo</strong></span> <span class='ocrx_word' id='word_1_130' title='bbox 483 1749 599 1826; x_wconf 88' lang='lat' dir='ltr'><strong>potest.</strong></span> <span class='ocrx_word' id='word_1_131' title='bbox 644 1744 714 1819; x_wconf 84' lang='lat' dir='ltr'><strong>Qua</strong></span> <span class='ocrx_word' id='word_1_132' title='bbox 741 1743 846 1828; x_wconf 90' lang='lat' dir='ltr'><strong>gloria</strong></span> <span class='ocrx_word' id='word_1_133' title='bbox 873 1751 1052 1808; x_wconf 88' lang='lat' dir='ltr'><strong>commotus</strong></span> <span class='ocrx_word' id='word_1_134' title='bbox 1075 1743 1160 1828; x_wconf 80' lang='lat' dir='ltr'><strong>Epi-</strong></span> 
     </span>
     <span class='ocr_line' id='line_1_19' title="bbox 146 1831 1161 1915; baseline 0.001 -19"><span class='ocrx_word' id='word_1_135' title='bbox 146 1854 240 1896; x_wconf 86' lang='lat' dir='ltr'><strong>curus</strong></span> <span class='ocrx_word' id='word_1_136' title='bbox 259 1832 413 1913; x_wconf 83' lang='lat' dir='ltr'><strong>exoritur3</strong></span> <span class='ocrx_word' id='word_1_137' title='bbox 432 1832 483 1895; x_wconf 92' lang='lat' dir='ltr'><strong>cui</strong></span> <span class='ocrx_word' id='word_1_138' title='bbox 501 1833 612 1913; x_wconf 89' lang='lat' dir='ltr'><strong>etiam,</strong></span> <span class='ocrx_word' id='word_1_139' title='bbox 632 1832 660 1895; x_wconf 92' lang='lat' dir='ltr'><strong>si</strong></span> <span class='ocrx_word' id='word_1_140' title='bbox 678 1832 727 1895; x_wconf 90' lang='lat' dir='ltr'><strong>dis</strong></span> <span class='ocrx_word' id='word_1_141' title='bbox 746 1832 863 1914; x_wconf 86' lang='lat' dir='ltr'><strong>placet,</strong></span> <span class='ocrx_word' id='word_1_142' title='bbox 881 1831 1007 1895; x_wconf 85' lang='lat' dir='ltr'><strong>videtur</strong></span> <span class='ocrx_word' id='word_1_143' title='bbox 1026 1852 1161 1915; x_wconf 84' lang='lat' dir='ltr'><strong>semper</strong></span> 
     </span>
     <span class='ocr_line' id='line_1_20' title="bbox 146 1917 1159 2004; baseline 0.004 -22"><span class='ocrx_word' id='word_1_144' title='bbox 146 1920 273 2002; x_wconf 89' lang='lat' dir='ltr'><strong>sapiens</strong></span> <span class='ocrx_word' id='word_1_145' title='bbox 301 1919 424 1982; x_wconf 90' lang='lat' dir='ltr'><strong>beatus.</strong></span> <span class='ocrx_word' id='word_1_146' title='bbox 470 1917 534 1982; x_wconf 87' lang='lat' dir='ltr'><strong>Hic</strong></span> <span class='ocrx_word' id='word_1_147' title='bbox 556 1919 716 2002; x_wconf 81' lang='lat' dir='ltr'><strong>dignitate</strong></span> <span class='ocrx_word' id='word_1_148' title='bbox 743 1919 838 1983; x_wconf 92' lang='lat' dir='ltr'><strong>huius</strong></span> <span class='ocrx_word' id='word_1_149' title='bbox 862 1919 1040 1983; x_wconf 90' lang='lat' dir='ltr'><strong>sententiae</strong></span> <span class='ocrx_word' id='word_1_150' title='bbox 1065 1922 1159 2004; x_wconf 87' lang='lat' dir='ltr'><strong>capi·</strong></span> 
     </span>
     <span class='ocr_line' id='line_1_21' title="bbox 144 2005 1157 2089; baseline 0.005 -21"><span class='ocrx_word' id='word_1_151' title='bbox 144 2010 210 2088; x_wconf 90' lang='lat' dir='ltr'><strong>tur,</strong></span> <span class='ocrx_word' id='word_1_152' title='bbox 234 2005 289 2068; x_wconf 90' lang='lat' dir='ltr'><strong>sed</strong></span> <span class='ocrx_word' id='word_1_153' title='bbox 307 2027 481 2087; x_wconf 88' lang='lat' dir='ltr'><strong>numquam</strong></span> <span class='ocrx_word' id='word_1_154' title='bbox 500 2006 532 2068; x_wconf 93' lang='lat' dir='ltr'><strong>id</strong></span> <span class='ocrx_word' id='word_1_155' title='bbox 551 2007 684 2088; x_wconf 90' lang='lat' dir='ltr'><strong>diceret,</strong></span> <span class='ocrx_word' id='word_1_156' title='bbox 707 2006 734 2069; x_wconf 90' lang='lat' dir='ltr'><strong>si</strong></span> <span class='ocrx_word' id='word_1_157' title='bbox 753 2006 822 2089; x_wconf 92' lang='lat' dir='ltr'><strong>ipse</strong></span> <span class='ocrx_word' id='word_1_158' title='bbox 841 2028 874 2070; x_wconf 86' lang='lat' dir='ltr'><strong>se</strong></span> <span class='ocrx_word' id='word_1_159' title='bbox 893 2006 1026 2070; x_wconf 88' lang='lat' dir='ltr'><strong>audiret.</strong></span> <span class='ocrx_word' id='word_1_160' title='bbox 1067 2006 1157 2083; x_wconf 80' lang='lat' dir='ltr'><strong>Quid</strong></span> 
     </span>
     <span class='ocr_line' id='line_1_22' title="bbox 146 2092 1157 2178; baseline 0.004 -22"><span class='ocrx_word' id='word_1_161' title='bbox 146 2096 195 2156; x_wconf 91' lang='lat' dir='ltr'><strong>est</strong></span> <span class='ocrx_word' id='word_1_162' title='bbox 218 2092 316 2173; x_wconf 92' lang='lat' dir='ltr'><strong>enim,</strong></span> <span class='ocrx_word' id='word_1_163' title='bbox 340 2093 424 2174; x_wconf 91' lang='lat' dir='ltr'><strong>quod</strong></span> <span class='ocrx_word' id='word_1_164' title='bbox 447 2093 551 2156; x_wconf 90' lang='lat' dir='ltr'><strong>minus</strong></span> <span class='ocrx_word' id='word_1_165' title='bbox 576 2093 757 2175; x_wconf 85' lang='lat' dir='ltr'><strong>conveniat,</strong></span> <span class='ocrx_word' id='word_1_166' title='bbox 780 2116 877 2176; x_wconf 88' lang='lat' dir='ltr'><strong>quam</strong></span> <span class='ocrx_word' id='word_1_167' title='bbox 899 2097 936 2157; x_wconf 89' lang='lat' dir='ltr'><strong>ut</strong></span> <span class='ocrx_word' id='word_1_168' title='bbox 957 2093 999 2176; x_wconf 90' lang='lat' dir='ltr'><strong>is,</strong></span> <span class='ocrx_word' id='word_1_169' title='bbox 1022 2095 1080 2178; x_wconf 89' lang='lat' dir='ltr'><strong>qui</strong></span> <span class='ocrx_word' id='word_1_170' title='bbox 1103 2098 1157 2160; x_wconf 87' lang='lat' dir='ltr'><strong>vel</strong></span> 
     </span>
     <span class='ocr_line' id='line_1_23' title="bbox 146 2180 1157 2264; baseline 0.005 -21"><span class='ocrx_word' id='word_1_171' title='bbox 146 2201 306 2243; x_wconf 88' lang='lat' dir='ltr'><strong>summum</strong></span> <span class='ocrx_word' id='word_1_172' title='bbox 329 2180 381 2242; x_wconf 89' lang='lat' dir='ltr'><strong>vel</strong></span> <span class='ocrx_word' id='word_1_173' title='bbox 404 2181 507 2243; x_wconf 89' lang='lat' dir='ltr'><strong>solum</strong></span> <span class='ocrx_word' id='word_1_174' title='bbox 530 2180 651 2244; x_wconf 88' lang='lat' dir='ltr'><strong>malum</strong></span> <span class='ocrx_word' id='word_1_175' title='bbox 679 2181 822 2246; x_wconf 91' lang='lat' dir='ltr'><strong>dolorem</strong></span> <span class='ocrx_word' id='word_1_176' title='bbox 846 2202 915 2245; x_wconf 90' lang='lat' dir='ltr'><strong>esse</strong></span> <span class='ocrx_word' id='word_1_177' title='bbox 938 2181 1038 2264; x_wconf 90' lang='lat' dir='ltr'><strong>dicat,</strong></span> <span class='ocrx_word' id='word_1_178' title='bbox 1066 2182 1157 2248; x_wconf 92' lang='lat' dir='ltr'><strong>idem</strong></span> 
     </span>
     <span class='ocr_line' id='line_1_24' title="bbox 145 2264 1157 2350; baseline 0.006 -20"><span class='ocrx_word' id='word_1_179' title='bbox 145 2269 274 2331; x_wconf 87' lang='lat' dir='ltr'><strong>censeat</strong></span> <span class='ocrx_word' id='word_1_180' title='bbox 310 2264 429 2341; x_wconf 75' lang='lat' dir='ltr'><strong>‘Quam</strong></span> <span class='ocrx_word' id='word_1_181' title='bbox 465 2267 527 2333; x_wconf 90' lang='lat' dir='ltr'><strong>hoc</strong></span> <span class='ocrx_word' id='word_1_182' title='bbox 563 2290 659 2332; x_wconf 89' lang='lat' dir='ltr'><strong>suave</strong></span> <span class='ocrx_word' id='word_1_183' title='bbox 694 2270 756 2333; x_wconf 91' lang='lat' dir='ltr'><strong>est!</strong></span> <span class='ocrx_word' id='word_1_184' title='bbox 809 2273 891 2350; x_wconf 92' lang='lat' dir='ltr'><strong>tum,</strong></span> <span class='ocrx_word' id='word_1_185' title='bbox 928 2291 1000 2333; x_wconf 86' lang='lat' dir='ltr'><strong>cum</strong></span> <span class='ocrx_word' id='word_1_186' title='bbox 1039 2270 1157 2337; x_wconf 91' lang='lat' dir='ltr'><strong>dolore</strong></span> 
     </span>
     <span class='ocr_line' id='line_1_25' title="bbox 145 2354 1158 2441; baseline 0.004 -22"><span class='ocrx_word' id='word_1_187' title='bbox 145 2354 316 2438; x_wconf 82' lang='lat' dir='ltr'><strong>crucietur,</strong></span> <span class='ocrx_word' id='word_1_188' title='bbox 343 2354 503 2418; x_wconf 88' lang='lat' dir='ltr'><strong>dicturum</strong></span> <span class='ocrx_word' id='word_1_189' title='bbox 530 2377 600 2420; x_wconf 87' lang='lat' dir='ltr'><strong>esse</strong></span> <span class='ocrx_word' id='word_1_190' title='bbox 628 2357 829 2439; x_wconf 82' lang='lat' dir='ltr'><strong>sapientem?</strong></span> <span class='ocrx_word' id='word_1_191' title='bbox 880 2356 955 2421; x_wconf 91' lang='lat' dir='ltr'><strong>Non</strong></span> <span class='ocrx_word' id='word_1_192' title='bbox 982 2356 1086 2441; x_wconf 89' lang='lat' dir='ltr'><strong>igitur</strong></span> <span class='ocrx_word' id='word_1_193' title='bbox 1115 2380 1158 2423; x_wconf 87' lang='lat' dir='ltr'><strong>ex</strong></span> 
     </span>
     <span class='ocr_line' id='line_1_26' title="bbox 145 2441 1170 2529; baseline 0.003 -23"><span class='ocrx_word' id='word_1_194' title='bbox 145 2441 282 2527; x_wconf 89' lang='lat' dir='ltr'><strong>singulis</strong></span> <span class='ocrx_word' id='word_1_195' title='bbox 302 2442 431 2507; x_wconf 84' lang='lat' dir='ltr'><strong>vocibus</strong></span> <span class='ocrx_word' id='word_1_196' title='bbox 450 2442 635 2526; x_wconf 89' lang='lat' dir='ltr'><strong>philosophi</strong></span> <span class='ocrx_word' id='word_1_197' title='bbox 653 2444 818 2527; x_wconf 89' lang='lat' dir='ltr'><strong>spectandi</strong></span> <span class='ocrx_word' id='word_1_198' title='bbox 837 2447 925 2528; x_wconf 90' lang='lat' dir='ltr'><strong>sunt,</strong></span> <span class='ocrx_word' id='word_1_199' title='bbox 951 2443 1006 2507; x_wconf 90' lang='lat' dir='ltr'><strong>sed</strong></span> <span class='ocrx_word' id='word_1_200' title='bbox 1025 2465 1065 2507; x_wconf 90' lang='lat' dir='ltr'><strong>ex</strong></span> <span class='ocrx_word' id='word_1_201' title='bbox 1082 2467 1170 2529; x_wconf 89' lang='lat' dir='ltr'><strong>per--</strong></span> 
     </span>
     <span class='ocr_line' id='line_1_27' title="bbox 144 2532 632 2613; baseline 0.004 -19"><span class='ocrx_word' id='word_1_202' title='bbox 144 2532 300 2612; x_wconf 88' lang='lat' dir='ltr'><strong>petuitate</strong></span> <span class='ocrx_word' id='word_1_203' title='bbox 324 2534 419 2613; x_wconf 88' lang='lat' dir='ltr'><strong>atque</strong></span> <span class='ocrx_word' id='word_1_204' title='bbox 443 2532 632 2596; x_wconf 89' lang='lat' dir='ltr'><strong>constantia.</strong></span> 
     </span>
    </p>
   </div>
   <div class='ocr_carea' id='block_1_3' title="bbox 92 2623 1157 2823">
    <p class='ocr_par' dir='ltr' id='par_1_4' title="bbox 92 2623 1157 2823">
     <span class='ocr_line' id='line_1_28' title="bbox 92 2623 1157 2745; baseline 0.006 -30"><span class='ocrx_word' id='word_1_205' title='bbox 92 2623 130 2745; x_wconf 52' lang='lat' dir='ltr'><strong>{J</strong></span> <span class='ocrx_word' id='word_1_206' title='bbox 210 2653 251 2716; x_wconf 83' lang='lat' dir='ltr'><strong>A.</strong></span> <span class='ocrx_word' id='word_1_207' title='bbox 280 2653 419 2716; x_wconf 87' lang='lat' dir='ltr'><strong>Adducis</strong></span> <span class='ocrx_word' id='word_1_208' title='bbox 448 2674 512 2736; x_wconf 91' lang='lat' dir='ltr'><strong>me,</strong></span> <span class='ocrx_word' id='word_1_209' title='bbox 540 2657 576 2717; x_wconf 91' lang='lat' dir='ltr'><strong>ut</strong></span> <span class='ocrx_word' id='word_1_210' title='bbox 600 2654 661 2717; x_wconf 91' lang='lat' dir='ltr'><strong>tibi</strong></span> <span class='ocrx_word' id='word_1_211' title='bbox 685 2653 855 2718; x_wconf 90' lang='lat' dir='ltr'><strong>adsentiar.</strong></span> <span class='ocrx_word' id='word_1_212' title='bbox 901 2651 964 2716; x_wconf 83' lang='lat' dir='ltr'><strong>Sed</strong></span> <span class='ocrx_word' id='word_1_213' title='bbox 990 2655 1048 2717; x_wconf 90' lang='lat' dir='ltr'><strong>tua</strong></span> <span class='ocrx_word' id='word_1_214' title='bbox 1076 2677 1157 2738; x_wconf 91' lang='lat' dir='ltr'><strong>quo·</strong></span> 
     </span>
     <span class='ocr_line' id='line_1_29' title="bbox 144 2740 797 2823; baseline 0 -20"><span class='ocrx_word' id='word_1_215' title='bbox 144 2762 204 2823; x_wconf 91' lang='lat' dir='ltr'><strong>que</strong></span> <span class='ocrx_word' id='word_1_216' title='bbox 229 2740 300 2803; x_wconf 88' lang='lat' dir='ltr'><strong>vide</strong></span> <span class='ocrx_word' id='word_1_217' title='bbox 323 2762 364 2804; x_wconf 95' lang='lat' dir='ltr'><strong>ne</strong></span> <span class='ocrx_word' id='word_1_218' title='bbox 387 2740 584 2804; x_wconf 85' lang='lat' dir='ltr'><strong>desideretur</strong></span> <span class='ocrx_word' id='word_1_219' title='bbox 608 2741 797 2805; x_wconf 89' lang='lat' dir='ltr'><strong>constantia.</strong></span> 
     </span>
    </p>
   </div>
   <div class='ocr_carea' id='block_1_4' title="bbox 210 2862 570 2938">
    <p class='ocr_par' dir='ltr' id='par_1_5' title="bbox 210 2862 570 2938">
     <span class='ocr_line' id='line_1_30' title="bbox 210 2862 570 2938; baseline 0 -12"><span class='ocrx_word' id='word_1_220' title='bbox 210 2869 255 2925; x_wconf 85' lang='lat' dir='ltr'><strong>M.</strong></span> <span class='ocrx_word' id='word_1_221' title='bbox 279 2862 426 2938; x_wconf 75' lang='lat' dir='ltr'><strong>Quonam</strong></span> <span class='ocrx_word' id='word_1_222' title='bbox 453 2862 570 2926; x_wconf 80' lang='lat' dir='ltr'><strong>modo?</strong></span> 
     </span>
    </p>
   </div>
   <div class='ocr_carea' id='block_1_5' title="bbox 65 2966 1159 3634">
    <p class='ocr_par' dir='ltr' id='par_1_6' title="bbox 143 2966 1159 3488">
     <span class='ocr_line' id='line_1_31' title="bbox 209 2966 1158 3052; baseline 0.007 -23"><span class='ocrx_word' id='word_1_223' title='bbox 209 2966 249 3030; x_wconf 83' lang='lat' dir='ltr'><strong>A.</strong></span> <span class='ocrx_word' id='word_1_224' title='bbox 278 2966 361 3042; x_wconf 81' lang='lat' dir='ltr'><strong>Quia</strong></span> <span class='ocrx_word' id='word_1_225' title='bbox 387 2967 452 3051; x_wconf 88' lang='lat' dir='ltr'><strong>legi</strong></span> <span class='ocrx_word' id='word_1_226' title='bbox 480 2970 571 3031; x_wconf 87' lang='lat' dir='ltr'><strong>tuum</strong></span> <span class='ocrx_word' id='word_1_227' title='bbox 598 2989 700 3050; x_wconf 90' lang='lat' dir='ltr'><strong>nuper</strong></span> <span class='ocrx_word' id='word_1_228' title='bbox 722 2971 873 3052; x_wconf 89' lang='lat' dir='ltr'><strong>quartum</strong></span> <span class='ocrx_word' id='word_1_229' title='bbox 896 2968 934 3032; x_wconf 92' lang='lat' dir='ltr'><strong>de</strong></span> <span class='ocrx_word' id='word_1_230' title='bbox 956 2968 1089 3052; x_wconf 79' lang='lat' dir='ltr'><strong>finibua3</strong></span> <span class='ocrx_word' id='word_1_231' title='bbox 1121 2970 1158 3036; x_wconf 89' lang='lat' dir='ltr'><strong>in</strong></span> 
     </span>
     <span class='ocr_line' id='line_1_32' title="bbox 145 3051 1157 3123; baseline 0.008 -8"><span class='ocrx_word' id='word_1_232' title='bbox 145 3074 181 3115; x_wconf 92' lang='lat' dir='ltr'><strong>eo</strong></span> <span class='ocrx_word' id='word_1_233' title='bbox 205 3053 286 3117; x_wconf 89' lang='lat' dir='ltr'><strong>mihi</strong></span> <span class='ocrx_word' id='word_1_234' title='bbox 309 3054 458 3118; x_wconf 89' lang='lat' dir='ltr'><strong>videbare</strong></span> <span class='ocrx_word' id='word_1_235' title='bbox 482 3057 594 3118; x_wconf 89' lang='lat' dir='ltr'><strong>contra</strong></span> <span class='ocrx_word' id='word_1_236' title='bbox 618 3051 774 3119; x_wconf 84' lang='lat' dir='ltr'><strong>Catonem</strong></span> <span class='ocrx_word' id='word_1_237' title='bbox 800 3056 959 3119; x_wconf 90' lang='lat' dir='ltr'><strong>disserens</strong></span> <span class='ocrx_word' id='word_1_238' title='bbox 983 3056 1045 3120; x_wconf 90' lang='lat' dir='ltr'><strong>hoc</strong></span> <span class='ocrx_word' id='word_1_239' title='bbox 1069 3057 1157 3123; x_wconf 83' lang='lat' dir='ltr'><strong>velle</strong></span> 
     </span>
     <span class='ocr_line' id='line_1_33' title="bbox 145 3141 1158 3227; baseline 0.01 -26"><span class='ocrx_word' id='word_1_240' title='bbox 145 3141 323 3223; x_wconf 87' lang='lat' dir='ltr'><strong>ostendere,</strong></span> <span class='ocrx_word' id='word_1_241' title='bbox 346 3142 431 3224; x_wconf 93' lang='lat' dir='ltr'><strong>quod</strong></span> <span class='ocrx_word' id='word_1_242' title='bbox 450 3142 529 3206; x_wconf 90' lang='lat' dir='ltr'><strong>mihi</strong></span> <span class='ocrx_word' id='word_1_243' title='bbox 548 3141 676 3225; x_wconf 91' lang='lat' dir='ltr'><strong>quidem</strong></span> <span class='ocrx_word' id='word_1_244' title='bbox 694 3144 864 3227; x_wconf 88' lang='lat' dir='ltr'><strong>probatur,</strong></span> <span class='ocrx_word' id='word_1_245' title='bbox 886 3143 971 3206; x_wconf 91' lang='lat' dir='ltr'><strong>inter</strong></span> <span class='ocrx_word' id='word_1_246' title='bbox 989 3143 1158 3211; x_wconf 89' lang='lat' dir='ltr'><strong>Zenonem</strong></span> 
     </span>
     <span class='ocr_line' id='line_1_34' title="bbox 145 3226 1158 3312; baseline 0.011 -25"><span class='ocrx_word' id='word_1_247' title='bbox 145 3228 177 3288; x_wconf 88' lang='lat' dir='ltr'><strong>et</strong></span> <span class='ocrx_word' id='word_1_248' title='bbox 213 3226 444 3309; x_wconf 85' lang='lat' dir='ltr'><strong>Peripateticos</strong></span> <span class='ocrx_word' id='word_1_249' title='bbox 481 3229 562 3292; x_wconf 90' lang='lat' dir='ltr'><strong>nihil</strong></span> <span class='ocrx_word' id='word_1_250' title='bbox 597 3233 724 3312; x_wconf 89' lang='lat' dir='ltr'><strong>praeter</strong></span> <span class='ocrx_word' id='word_1_251' title='bbox 759 3231 931 3294; x_wconf 87' lang='lat' dir='ltr'><strong>verborum</strong></span> <span class='ocrx_word' id='word_1_252' title='bbox 972 3230 1158 3298; x_wconf 85' lang='lat' dir='ltr'><strong>novitatem</strong></span> 
     </span>
     <span class='ocr_line' id='line_1_35' title="bbox 143 3313 1158 3403; baseline 0.011 -29"><span class='ocrx_word' id='word_1_253' title='bbox 143 3313 308 3377; x_wconf 88' lang='lat' dir='ltr'><strong>interesse.</strong></span> <span class='ocrx_word' id='word_1_254' title='bbox 355 3315 448 3391; x_wconf 86' lang='lat' dir='ltr'><strong>Quod</strong></span> <span class='ocrx_word' id='word_1_255' title='bbox 471 3318 498 3381; x_wconf 91' lang='lat' dir='ltr'><strong>si</strong></span> <span class='ocrx_word' id='word_1_256' title='bbox 520 3318 568 3381; x_wconf 87' lang='lat' dir='ltr'><strong>ita</strong></span> <span class='ocrx_word' id='word_1_257' title='bbox 590 3321 653 3399; x_wconf 87' lang='lat' dir='ltr'><strong>est,</strong></span> <span class='ocrx_word' id='word_1_258' title='bbox 680 3318 756 3400; x_wconf 90' lang='lat' dir='ltr'><strong>quid</strong></span> <span class='ocrx_word' id='word_1_259' title='bbox 779 3321 829 3382; x_wconf 88' lang='lat' dir='ltr'><strong>est</strong></span> <span class='ocrx_word' id='word_1_260' title='bbox 852 3339 981 3401; x_wconf 87' lang='lat' dir='ltr'><strong>causae,</strong></span> <span class='ocrx_word' id='word_1_261' title='bbox 1009 3318 1102 3403; x_wconf 88' lang='lat' dir='ltr'><strong>quin,</strong></span> <span class='ocrx_word' id='word_1_262' title='bbox 1127 3323 1158 3385; x_wconf 88' lang='lat' dir='ltr'><strong>si</strong></span> 
     </span>
     <span class='ocr_line' id='line_1_36' title="bbox 144 3399 1159 3488; baseline 0.008 -24"><span class='ocrx_word' id='word_1_263' title='bbox 144 3399 282 3465; x_wconf 83' lang='lat' dir='ltr'><strong>Zenonis</strong></span> <span class='ocrx_word' id='word_1_264' title='bbox 310 3402 429 3467; x_wconf 90' lang='lat' dir='ltr'><strong>rationi</strong></span> <span class='ocrx_word' id='word_1_265' title='bbox 458 3408 708 3469; x_wconf 89' lang='lat' dir='ltr'><strong>consentaneum</strong></span> <span class='ocrx_word' id='word_1_266' title='bbox 735 3405 778 3469; x_wconf 91' lang='lat' dir='ltr'><strong>sit</strong></span> <span class='ocrx_word' id='word_1_267' title='bbox 806 3405 884 3469; x_wconf 90' lang='lat' dir='ltr'><strong>satis</strong></span> <span class='ocrx_word' id='word_1_268' title='bbox 911 3425 1064 3488; x_wconf 87' lang='lat' dir='ltr'><strong>magnam</strong></span> <span class='ocrx_word' id='word_1_269' title='bbox 1087 3407 1159 3473; x_wconf 82' lang='lat' dir='ltr'><strong>vim</strong></span> 
     </span>
    </p>

    <p class='ocr_par' dir='ltr' id='par_1_7' title="bbox 65 3487 1158 3634">
     <span class='ocr_line' id='line_1_37' title="bbox 65 3487 1158 3634; baseline 0.008 -83"><span class='ocrx_word' id='word_1_270' title='bbox 65 3487 178 3634; x_wconf 72' lang='lat' dir='ltr'><strong>&#39;in</strong></span> <span class='ocrx_word' id='word_1_271' title='bbox 200 3490 320 3554; x_wconf 85' lang='lat' dir='ltr'><strong>virtute</strong></span> <span class='ocrx_word' id='word_1_272' title='bbox 344 3511 413 3554; x_wconf 89' lang='lat' dir='ltr'><strong>esse</strong></span> <span class='ocrx_word' id='word_1_273' title='bbox 436 3492 476 3555; x_wconf 92' lang='lat' dir='ltr'><strong>ad</strong></span> <span class='ocrx_word' id='word_1_274' title='bbox 503 3493 596 3556; x_wconf 89' lang='lat' dir='ltr'><strong>beate</strong></span> <span class='ocrx_word' id='word_1_275' title='bbox 620 3492 805 3575; x_wconf 88' lang='lat' dir='ltr'><strong>vivendum,</strong></span> <span class='ocrx_word' id='word_1_276' title='bbox 831 3492 927 3559; x_wconf 89' lang='lat' dir='ltr'><strong>liceat</strong></span> <span class='ocrx_word' id='word_1_277' title='bbox 954 3493 1040 3558; x_wconf 91' lang='lat' dir='ltr'><strong>idem</strong></span> <span class='ocrx_word' id='word_1_278' title='bbox 1063 3493 1158 3560; x_wconf 87' lang='lat' dir='ltr'><strong>Peri·</strong></span> 
     </span>
    </p>
   </div>
   <div class='ocr_carea' id='block_1_6' title="bbox 0 0 1242 3848">
    <p class='ocr_par' dir='ltr' id='par_1_8' title="bbox 0 0 1242 3848">
     <span class='ocr_line' id='line_1_38' title="bbox 0 0 1242 3848; baseline 0 1"><span class='ocrx_word' id='word_1_279' title='bbox 0 0 1242 3848; x_wconf 95' lang='lat' dir='ltr'><strong> </strong></span> 
     </span>
    </p>
   </div>
  </div>
 </body>
</html>
