2476 3848
520 139 758 203 -440-

131 302 214 387 pleri
244 305 379 386 negant,
411 300 445 364 hi
474 303 581 364 autem
608 299 677 364 sine
703 299 745 364 iis
773 321 842 365 esse
869 300 992 364 nullam
1021 302 1142 384 putant

132 394 202 474 aut,
234 388 263 453 si
295 389 338 452 sit
370 389 480 470 beata,
512 387 733 453 beatissimam
765 391 850 452 certe
883 390 1013 472 negant.
1066 387 1140 453 Nos

132 481 239 542 autem
271 476 419 542 volumus
450 475 685 560 beatissimam,
720 475 814 558 idque
847 475 941 539 nobis
974 473 1142 542 Socratica

132 566 190 630 illa
217 564 422 630 conclusione
449 564 665 628 confirmatur.
714 559 767 626 Sic
794 563 879 627 enim
906 562 1056 645 princeps
1079 563 1141 628 ille

131 653 358 737 philosophiae
376 651 568 716 disserebat:
586 650 690 734 qualis
710 651 862 733 cuiusque
877 651 977 715 animi
991 651 1141 718 adfectus

133 745 229 821 esset,
257 741 356 805 talem
382 761 453 804 esse
480 739 656 820 hominem3
684 737 788 821 qualis
811 742 918 803 autem
943 737 1042 804 homo
1066 740 1142 824 ipse

132 831 230 911 esset,
252 827 351 892 talem
371 827 439 892 eius
458 848 528 892 esse
547 827 738 909 orationem3
762 826 900 891 orationi
919 830 1027 891 autem
1048 826 1141 892 facta

133 916 266 999 similia,
288 915 384 980 factis
408 915 517 979 vitam.
563 914 717 979 Adfectus
741 917 848 979 autem
872 915 971 978 animi
993 915 1028 978 in
1051 916 1140 980 bono

131 1004 201 1068 viro
224 1002 410 1086 laudabilis,
440 1005 472 1066 et
494 1003 563 1067 vita
584 1003 685 1086 igitur
707 1002 878 1066 laudabilis
903 1003 978 1066 boni
1000 1003 1077 1086 viri,
1105 1006 1142 1066 et

131 1090 270 1156 honesta
286 1111 373 1176 ergo,
390 1091 543 1176 quoniam
561 1089 741 1154 laudabilis.
773 1089 823 1153 Ex
841 1089 957 1173 quibus
976 1090 1139 1155 bonorum

79 1180 262 1250 asbestam
285 1178 387 1242 vitam
410 1199 480 1242 esse
503 1176 710 1242 concluditur.
753 1176 898 1259 Etenim,
919 1198 979 1260 pro
1001 1177 1139 1243 deorum

133 1272 228 1350 atque
251 1266 418 1330 hominum
440 1266 550 1329 fidem!
575 1286 730 1348 parumne
753 1264 920 1347 cognitum
943 1268 993 1329 est
1016 1265 1141 1347 superi·

133 1354 242 1419 oribus
265 1354 386 1418 nostris
409 1352 694 1436 disputationibus,
717 1374 758 1416 an
781 1351 1003 1416 delectationis
1023 1357 1055 1416 et
1079 1353 1141 1418 otii

131 1441 341 1507 consumendi
372 1462 470 1506 causa
500 1440 599 1506 locuti
627 1462 737 1504 sumus
769 1439 946 1522 sapientem
976 1440 1017 1503 ab
1048 1441 1140 1504 omni

132 1529 346 1595 concitatione
365 1528 474 1612 animi,
493 1550 588 1612 quam
605 1527 882 1610 perturbationem
899 1548 989 1610 roco,
1012 1549 1143 1612 semper

133 1638 260 1696 vacare,
297 1638 424 1701 semper
459 1616 494 1680 in
530 1616 638 1680 animo
675 1615 742 1678 eius
780 1634 850 1679 esse
886 1613 1140 1697 placidissimam

131 1703 266 1788 pacem?
310 1703 370 1768 Vir
398 1704 498 1788 igitur
521 1706 731 1786 temperatus,
758 1705 922 1786 constans,
948 1702 1017 1766 sine
1040 1706 1142 1783 metu,

132 1793 201 1856 sine
235 1791 447 1875 aegritudine,
484 1790 552 1854 sine
585 1791 750 1854 alacritate
782 1791 860 1873 ulla,
898 1788 966 1854 sine
1001 1789 1140 1856 libidine

132 1901 238 1943 nonne
261 1877 396 1942 beatus?
420 1880 455 1941 at
478 1898 604 1958 semper
627 1878 754 1958 sapiens
777 1874 865 1960 talis3
890 1898 1015 1960 semper
1036 1879 1142 1962 igitur

132 1967 255 2030 beatus.
303 1964 375 2028 Iam
403 1985 477 2028 vero
506 1964 562 2047 qui
589 1966 696 2047 potest
723 1964 772 2028 vir
799 1965 902 2029 bonus
929 1987 995 2030 non
1022 1965 1063 2029 ad
1095 1967 1140 2051 id,

132 2053 216 2136 quod
239 2051 401 2115 laudabile
424 2052 479 2133 sit,
502 2052 612 2115 omnia
634 2051 769 2134 referre,
796 2074 878 2136 quae
902 2053 971 2138 agit
993 2075 1142 2138 quaeque

133 2137 253 2204 sentit?
276 2138 375 2201 refert
398 2141 506 2201 autem
525 2139 633 2202 omnia
653 2139 694 2203 ad
716 2139 810 2204 beate
832 2139 1017 2223 vivendum3
1041 2141 1141 2206 beata

131 2226 232 2310 igitur
253 2224 323 2288 vita
344 2225 530 2310 laudabilis;
560 2248 619 2291 nee
642 2227 810 2311 quiequam
834 2228 903 2292 sine
926 2228 1046 2293 virtute
1068 2229 1140 2294 lau·

81 2313 253 2428 l,dabile3
276 2313 372 2377 beata
394 2313 495 2397 igitur
516 2313 585 2378 vita
607 2314 726 2379 virtute
750 2316 926 2380 conficitur.

79 2442 113 2491 49
199 2401 305 2486 Atque
333 2399 395 2465 hoc
422 2401 469 2465 sic
496 2401 595 2466 etiam
623 2402 834 2467 concluditur:
865 2401 934 2468 Nec
956 2403 990 2467 in
1017 2403 1143 2469 misera

131 2489 202 2554 vita
224 2488 394 2574 quicquam
412 2491 462 2552 est
483 2489 697 2573 praedicabile
721 2494 777 2554 aut
799 2491 1000 2575 gloriandum
1023 2511 1082 2556 nec
1104 2492 1141 2557 in

131 2581 661 2748 Stqttttttttttflst
680 2577 1143 2748 qqqndqqeqqrqqq

132 2752 310 2836 ferendum,
331 2755 368 2815 ut
390 2750 646 2834 Epaminondas:

177 2872 362 2939 Consiliis
386 2874 534 2938 nostris
562 2876 645 2938 laus
670 2879 729 2938 est
755 2878 909 2940 attonsa
932 2875 1143 2964 Laconum,

133 3016 169 3076 nt
192 2993 379 3079 Africanus:

177 3135 207 3199 A
231 3137 311 3199 sole
334 3136 534 3200 exoriente
558 3157 674 3218 supra
696 3135 862 3203 Maeotis
884 3139 1041 3223 paludes

220 3220 343 3287 Nemo
367 3228 439 3307 est,
463 3224 526 3308 qui
550 3223 667 3288 factis
691 3227 940 3309 aequiperare
964 3231 1088 3313 queat
1151 3235 1154 3242 '

71 3359 226 3615 5qud
256 3361 284 3426 si
313 3366 368 3445 est,
398 3364 495 3427 beata
518 3365 585 3429 vita
612 3364 783 3450 glorianda
811 3370 844 3430 et
870 3370 1083 3449 praedicanda
1108 3375 1145 3435 et

119 3547 135 3616 l

193 3470 209 3512 e
233 3471 267 3513 se
290 3449 420 3513 ferenda
442 3455 505 3535 est3
529 3452 612 3515 nihil
636 3456 686 3517 est
708 3453 796 3518 enim
819 3453 919 3534 aliud,
942 3457 1026 3536 quod
1049 3477 1158 3539 praet
