2476 3848
484 173 723 238 -441-

102 329 273 394 dicandum
305 332 338 393 et
368 351 445 412 prae
478 351 512 394 se
543 329 708 394 ferendum
736 331 786 394 sit.
839 328 962 405 Quibus
991 329 1107 412 positis

102 417 264 501 intellegis
287 417 363 501 quid
382 420 547 500 sequaturq
571 420 604 480 et
626 417 767 500 quidem,
789 417 852 481 nisi
871 438 909 480 ea
927 417 996 480 vita
1013 416 1108 480 beata

102 508 163 588 est,
193 526 273 588 quae
301 508 350 568 est
376 505 488 569 eadem
523 504 671 587 honesto,
704 503 748 568 sit
779 503 867 568 aliud
897 525 1026 568 necesse
1058 508 1107 567 est

103 592 217 656 melius
247 592 314 656 vita
343 591 454 675 beata3
489 592 574 676 quod
606 592 668 656 erit
695 591 781 655 enim
807 592 990 669 honestum,
1022 595 1107 655 certe
1180 641 1183 648 f

101 680 292 744 fatebuntur
322 700 391 744 esse
421 679 545 744 melius.
596 679 649 745 Ita
678 680 739 743 erit
768 679 864 743 beata
892 679 961 743 vita
992 679 1107 743 melius

103 766 241 852 aliquid3
263 788 326 851 quo
350 766 426 850 quid
449 771 558 849 potest
581 767 644 832 dici
667 766 871 850 perversius?
908 765 1013 842 Quid?
1036 786 1108 830 oum

101 854 247 918 fatentur
265 854 345 918 satis
370 873 523 938 magnam
544 856 611 919 vim
634 875 704 919 esse
726 855 761 918 in
783 854 870 919 vitiis
894 855 934 918 ad
957 855 1107 918 miseram

102 942 219 1026 vitam,
237 963 343 1006 nonne
361 942 526 1006 fatendum
546 947 596 1006 est
614 943 746 1007 eandem
765 943 830 1008 vim
848 944 883 1007 in
901 943 1020 1006 virtute
1038 962 1108 1006 esse

103 1030 143 1094 ad
166 1031 295 1094 beatam
317 1027 440 1094 vitam?
477 1027 719 1094 Contrariorum
741 1030 826 1094 enim
849 1030 1011 1095 contraria
1033 1033 1109 1094 sunt

103 1117 339 1201 consequentia„
393 1116 462 1192 Quo
494 1116 565 1183 loco
598 1138 717 1201 quaero
724 1167 733 1200 ,
764 1140 860 1202 quam
891 1118 957 1182 vim
989 1118 1109 1182 habeat
1127 1129 1159 1177 51

103 1205 188 1268 libra
208 1204 268 1269 illa
291 1202 440 1286 Critolai,
467 1204 522 1288 qui
545 1225 617 1269 oum
644 1205 679 1268 in
701 1205 837 1269 alteram
860 1206 986 1270 lancem
1009 1206 1109 1270 animi

103 1293 189 1357 bona
211 1292 370 1375 imponat,
393 1293 427 1355 in
445 1292 580 1356 alteram
599 1293 742 1373 corporis
761 1296 795 1356 et
813 1295 957 1375 externa,
980 1296 1109 1356 tantum

102 1379 301 1463 propendere
328 1379 417 1443 illam
445 1379 536 1460 [boni
563 1381 702 1459 lancem]
730 1382 833 1461 putet,
860 1382 898 1444 ut
924 1383 1043 1444 terram
1076 1382 1109 1443 et

104 1467 207 1531 maria
230 1466 398 1549 deprimat

170 1553 254 1630 Quid
268 1573 345 1638 ergo
365 1556 422 1617 aut
438 1553 524 1619 hunc
542 1554 694 1637 prohibet
712 1556 768 1618 aut
781 1554 880 1618 etiam
893 1552 1108 1618 Xenocratem
1121 1549 1161 1612 18

103 1642 194 1706 illum
218 1640 446 1725 gravissimum
470 1641 748 1725 philosophorum,
771 1644 1019 1726 exaggerantem
1037 1645 1108 1707 tan-

103 1734 214 1812 topere
232 1729 398 1812 virtutem,
421 1732 647 1793 extenuantem
666 1734 772 1793 cetera
794 1732 828 1792 et
851 1728 1052 1811 obicientem,
1075 1729 1109 1792 in

103 1817 223 1881 virtute
249 1838 314 1882 non
340 1816 471 1881 beatam
494 1817 588 1881 modo
611 1817 724 1899 vitam,
752 1817 808 1880 sed
835 1817 933 1880 etiam
961 1817 1108 1880 beatissi-

104 1927 191 1969 mam
214 1902 357 1988 ponere?
379 1905 466 1989 quod
485 1905 611 1990 quidem
631 1904 695 1968 nisi
715 1904 764 1987 fit,
788 1905 943 1968 virtutum
960 1904 1108 1968 interitus

105 1995 325 2076 consequetur.
355 1991 442 2058 Nam
460 1993 495 2057 in
513 2015 608 2077 quem
624 1993 710 2056 cadit
728 1992 904 2076 aegritudo,
921 1993 956 2054 in
974 1992 1108 2056 eundem
1127 2012 1161 2059 52

104 2083 226 2142 metum
258 2079 370 2145 cadere
401 2101 531 2145 necesse
564 2084 625 2162 est3
657 2083 708 2143 est
734 2081 819 2143 enim
849 2082 953 2143 metus
982 2079 1109 2145 futurae

105 2166 314 2251 aegritudiuis
361 2166 502 2231 sollicita
543 2168 752 2252 exspectatio,
793 2168 828 2231 in
868 2188 961 2251 quem
1002 2172 1110 2232 autem

104 2257 222 2338 metus,
244 2254 279 2318 in
303 2254 437 2317 eundem
458 2254 611 2335 formido,
634 2255 805 2338 timiditas,
828 2276 943 2338 pavor,
965 2255 1109 2340 ignavia3

105 2363 196 2427 ergo,
218 2345 255 2406 ut
272 2340 357 2405 idem
375 2341 521 2405 vincatur
538 2342 700 2406 interdum
718 2363 777 2407 neo
798 2346 890 2425 putet
909 2342 949 2406 ad
967 2364 1001 2406 se
1019 2363 1109 2425 prae·

106 2433 233 2512 ceptum
256 2429 337 2492 illud
359 2427 452 2493 Atrei
475 2431 648 2512 pertinere:

191 2551 355 2617 Proinde
391 2548 448 2615 ita
482 2555 621 2635 parent
657 2573 695 2616 se
730 2552 772 2615 in
808 2549 900 2634 vita,
939 2554 977 2614 ut
1008 2551 1110 2616 vinci

836 2639 1021 2703 ndsoiant.

105 2779 168 2842 Hic
196 2781 304 2843 autem
327 2778 485 2862 vincetur,
513 2781 550 2842 ut
573 2778 649 2857 dixi,
676 2800 734 2843 nec
757 2780 852 2844 modo
877 2779 1032 2861 vincetur,
1055 2778 1111 2843 sed

106 2867 204 2929 etiam
228 2866 357 2948 serviet3
385 2867 420 2930 at
446 2886 505 2930 nos
532 2866 685 2930 virtutem
709 2889 834 2950 semper
860 2867 996 2930 liberam
1023 2864 1111 2930 volu·

105 2974 190 3036 mus,
214 2973 340 3035 semper
362 2953 531 3036 inviotam3
555 2975 635 3037 quae
658 2954 722 3018 nisi
745 2957 833 3037 sunt,
857 2954 985 3018 sublata
1007 2953 1110 3018 virtus

106 3042 163 3104 est.
208 3039 316 3122 Atque
344 3039 373 3103 si
399 3040 434 3103 in
457 3041 575 3105 virtute
604 3043 684 3105 satis
709 3045 758 3106 est
784 3040 938 3124 praesidii
961 3040 1002 3104 ad
1029 3041 1110 3105 bene
1130 3061 1162 3108 53

104 3126 288 3203 vivendum,
318 3127 396 3190 satis
427 3130 478 3191 est
507 3127 604 3192 etiam
633 3129 673 3192 ad
702 3130 809 3212 beate3
839 3127 920 3193 satis
949 3132 998 3193 est
1025 3130 1111 3193 enim

105 3218 191 3280 certe
210 3215 244 3277 in
263 3212 395 3297 virtute,
418 3217 455 3278 ut
471 3214 601 3279 fortiter
619 3216 777 3300 vivamus3
801 3217 829 3280 si
848 3216 988 3300 fortiter,
1012 3219 1111 3281 etiam

104 3307 142 3368 ut
172 3322 291 3386 magno
324 3302 448 3384 animo,
481 3305 514 3367 et
545 3303 673 3388 quidem
705 3307 741 3367 ut
772 3304 862 3369 nulla
893 3326 927 3368 re
960 3325 1113 3388 umquam

104 3395 282 3456 terreamur
301 3410 489 3474 semperque
508 3391 608 3455 simus
631 3391 753 3456 invicti.
790 3389 953 3476 Sequitur,
975 3397 1013 3455 ut
1030 3352 1176 3624 ni?

104 3481 280 3563 paeniteat,
307 3477 391 3542 nihil
419 3478 514 3563 desit,
540 3478 626 3543 nihil
648 3480 768 3565 obstet3
797 3501 874 3566 ergo
903 3479 1012 3544 omnia
1038 3499 1061 3561 p
