2476 3848
544 154 784 222 -394-

161 340 313 402 umquam
340 339 380 382 ne
406 316 598 403 ingemescit
619 315 748 400 quidem
770 315 820 379 vir
845 315 940 380 fortis
964 338 1002 381 ac
1025 315 1169 402 sapiens,

161 407 225 472 nisi
252 406 334 470 forte
361 408 398 469 ut
424 427 457 470 se
484 405 630 470 intendat
652 403 692 468 ad
714 404 915 487 firmitatem,
944 404 1037 468 utin
1059 404 1168 469 stadio

124 488 129 498 ’
161 514 306 560 cursores
334 494 525 576 exclamant,
552 514 648 577 quarn
675 492 813 556 maxime
838 494 983 575 possunt.
1027 490 1167 557 Faciunt

160 584 260 666 idem,
289 603 361 645 cum
388 585 587 665 exercentur,
615 579 771 663 athletae,
797 580 922 664 pugiles
950 601 1040 657 vero,
1067 580 1168 645 etiam

161 692 233 735 oum
259 669 378 733 feriunt
407 669 637 747 adversarium,
669 667 704 731 in
735 667 892 733 iactandis
924 667 1085 732 caestibus
1118 670 1169 733 in·

161 761 364 858 gemescunt,
395 779 460 822 non
493 756 579 841 quod
606 757 736 820 doleant
766 755 914 820 animove
947 756 1169 841 succumbant,

161 847 216 911 sad
248 846 323 930 quia
353 845 575 928 profundenda
605 865 683 909 voce
715 865 808 908 omne
841 865 955 927 corpus
987 843 1169 910 intenditur

161 935 311 1020 venitque
333 933 433 1018 plaga
455 932 682 998 vehementior.

109 1017 152 1082 24
229 1020 333 1098 Quid?
369 1021 425 1105 qui
459 1021 572 1085 volunt
608 1020 785 1084 exclamare
822 1019 940 1103 maius,
970 1041 1049 1083 num
1085 1021 1168 1086 satis

160 1109 283 1174 habent
313 1109 360 1173 lat
345 1111 428 1191 t,ara
459 1108 582 1192 fauces,
615 1108 760 1192 linguam
791 1106 1017 1191 intendere,e
1001 1109 1167 1192 equibus

161 1197 221 1261 eici
251 1219 362 1262 rocem
394 1200 427 1260 ct
456 1196 546 1261 fundi
573 1159 745 1261 bidamus?
799 1194 881 1259 Toto
909 1216 1042 1278 corpore
1070 1200 1168 1281 atque

162 1286 310 1352 omnibus
332 1284 474 1369 ungulis,
502 1288 539 1349 ut
561 1284 690 1367 dicitur,
717 1283 916 1348 contentioni
943 1283 1032 1348 vocis
1058 1284 1168 1349 adser-

109 1393 142 1442 ιι
160 1373 260 1438 viunt.
306 1371 397 1436 Genu
418 1373 598 1437 mehercule
620 1370 663 1436 M.
687 1371 865 1436 Antonium
889 1371 968 1455 vidi,
995 1392 1068 1436 cum
1091 1393 1166 1438 oon-

160 1464 249 1525 tente
275 1483 333 1545 pro
357 1482 390 1525 se
413 1461 482 1545 ipse
504 1460 576 1546 lege
597 1459 698 1524 Varia
721 1459 852 1543 diceret,
879 1462 1001 1524 terram
1023 1463 1167 1545 tangere.

160 1547 207 1614 Ut
225 1550 309 1613 enim
329 1549 465 1613 balistae
488 1548 633 1632 lapidum
652 1551 684 1612 et
701 1546 827 1631 reliqua
844 1550 1007 1613 tormenta
1024 1548 1166 1613 telorum

161 1659 198 1701 eo
226 1638 389 1721 graviores
420 1636 608 1701 emissiones
641 1636 776 1719 habent,
813 1657 875 1718 quo
908 1638 984 1700 sunt
1015 1639 1167 1700 contenta

161 1729 257 1808 atque
285 1724 422 1789 adducta
449 1724 681 1806 vehementius,
709 1723 754 1787 sic
781 1745 857 1808 vox,
887 1723 934 1788 sic
963 1745 1087 1804 cursus,
1118 1724 1167 1788 sio

160 1813 259 1896 plaga
284 1812 346 1877 hoc
374 1812 516 1896 gravior,
543 1833 606 1895 quo
634 1815 683 1875 est
709 1812 809 1875 missa
830 1814 907 1877 cont
892 1812 1021 1877 t.entius
1065 1808 1167 1876 Cuius

160 1900 376 1965 contentionis
407 1920 478 1963 cum
505 1902 599 1963 tanta
625 1899 675 1963 vis
704 1899 759 1983 sit,
787 1900 815 1963 si
838 1901 1008 1985 gemitus
998 1921 1031 1965 ιιι
1054 1898 1167 1965 dolore

162 1988 202 2051 ad
230 1987 481 2051 confirmandum
509 1986 651 2050 animum
683 1986 818 2070 valebit,
850 1991 886 2052 ut
888 2010 991 2075 emur;
1023 1988 1074 2053 sin
1105 1989 1169 2053 erit

160 2075 215 2138 ille
242 2074 379 2158 gemitus
411 2074 549 2138 clament
550 2074 659 2152 abilis,
687 2073 716 2138 ιι
738 2074 924 2176 inbecillus,
952 2077 980 2140 si
1010 2076 1116 2141 abiect
1101 2079 1165 2160 tus,

162 2162 189 2227 si
211 2160 342 2243 flebilis,
365 2160 395 2225 ei
417 2161 529 2245 quise
551 2123 688 2245 dederit,
714 2162 768 2226 vix
795 2184 868 2227 eum
890 2164 996 2228 virum
1020 2127 1167 2229 dixerim

162 2249 223 2326 Qui
254 2248 381 2333 quidem
413 2248 551 2334 gemitus
589 2250 617 2314 si
648 2212 820 2316 levationis
859 2251 981 2352 aliquid
1018 2251 1168 2337 adferret,

161 2341 269 2401 tamen
295 2337 488 2419 videremus,
521 2338 597 2422 quid
625 2343 711 2402 esset
737 2338 830 2403 fortis
862 2342 896 2403 at
923 2339 1059 2404 animosi
1089 2341 1166 2425 viri,

161 2447 234 2490 oum
260 2446 336 2489 vero
362 2424 444 2490 nihil
471 2425 642 2490 imminuat
668 2426 801 2510 doloris,
829 2448 885 2491 cur
910 2426 1032 2491 frustra
1052 2431 1166 2512 turpes

161 2535 232 2578 esse
262 2513 434 2578 volumus?
470 2505 573 2589 Quid
605 2517 654 2579 eat
684 2513 770 2578 enim
801 2514 880 2579 fietu
914 2515 1065 2580 muliebri
1095 2516 1167 2581 viro

110 2623 143 2670 58
162 2601 311 2685 turpius?
360 2600 469 2685 Atque
504 2601 565 2667 hoe
600 2605 820 2686 praeceptum,
860 2601 945 2685 quod
981 2602 1019 2667 de
1053 2602 1166 2669 dolore

124 2765 130 2772 a
161 2689 269 2772 datur,
291 2693 382 2772 patet
404 2688 461 2753 lat
437 2693 512 2754 trus.
548 2688 705 2754 Omnibus
728 2689 814 2753 enim
836 2691 945 2774 rebus,
967 2712 1034 2756 non
1059 2691 1166 2756 solum

92 3420 136 3638 l

161 2777 280 2860 dolori,
303 2777 401 2841 simili
424 2777 627 2843 contentione
651 2777 749 2841 animi
772 2777 986 2842 resistendum
1010 2781 1067 2843 est
1110 2779 1167 2845 Ira

161 2865 352 2949 exardescit,
379 2865 480 2930 libido
508 2866 700 2947 concitatur,
728 2865 763 2929 in
794 2865 927 2930 eandem
956 2887 1062 2931 arcem
1092 2888 1166 2932 con·

160 2952 349 3038 fugiendum
385 2955 448 3034 est,
485 2952 596 3018 eadem
633 2957 709 3017 sunt
749 2975 839 3018 arma
882 2953 1043 3019 sumenda
1103 2952 1167 3020 Sed

162 3041 314 3124 quoniam
347 3041 385 3104 de
417 3041 525 3105 dolore
563 3039 738 3125 loquimur,
774 3041 832 3106 illa
863 3041 1059 3108 omittamus.
1112 3042 1167 3108 Ad

161 3126 327 3191 ferendum
344 3128 445 3213 igitur
459 3127 601 3194 dolorem
615 3128 740 3211 placide
754 3131 850 3212 atque
864 3129 955 3194 sedat
940 3133 973 3194 tc
990 3129 1166 3213 plurimum

161 3214 290 3296 proficit
320 3219 391 3280 toto
421 3219 564 3299 pectore,
595 3219 633 3280 ut
663 3216 793 3301 dicitur,
820 3217 976 3302 cogitare,
1007 3239 1105 3301 quam
1133 3219 1167 3284 id

161 3300 333 3366 honestum
356 3303 409 3368 sit
454 3301 569 3368 Sumus
593 3303 678 3368 enim
700 3306 828 3386 natura,
855 3307 989 3370 utente
1014 3305 1081 3370 dixi
1104 3302 1167 3390 (di-

162 3389 296 3454 cendum
333 3393 383 3456 est
418 3391 503 3456 enim
539 3388 772 3493 saepius),t
740 3354 969 3458 studiosissimi
1012 3392 1168 3476 adpeten-

160 3477 344 3562 tissimique
370 3478 565 3563 honestatis,
593 3479 683 3544 cuius
711 3479 740 3544 si
770 3481 863 3564 quasi
895 3481 1004 3546 lumen
1035 3480 1170 3566 aliquod
