2476 3848
527 148 767 215 -558-

143 311 347 395 gererentur,
380 312 475 393 atque
508 309 559 374 uti
590 307 736 373 consules
769 309 966 392 potestatem
999 308 1159 374 haberent

142 401 289 482 tempore
330 397 499 462 dumtaxat
540 418 695 477 annuam,
740 416 857 481 genere
898 397 971 479 ipso
1008 418 1045 461 ao
1087 398 1158 463 iure

142 487 275 571 regiam.
321 486 478 570 Quodque
502 488 572 551 erat
594 485 636 550 ad
658 485 868 569 optinendam
893 486 1075 568 potentiam
1097 508 1158 552 no·

142 575 257 640 bilium
280 575 333 639 vel
356 574 546 656 maximum,
575 573 783 639 vehementer
804 573 838 637 id
861 573 1076 658 retinebatur,
1100 596 1158 658 po-

142 663 213 749 puli
236 662 431 728 comitiano
454 665 563 728 essent
584 665 672 745 rata,
694 663 758 727 nisi
781 683 820 726 ea
842 665 972 745 patrum
996 663 1158 747 adproba-

142 752 243 817 visset
266 752 452 816 auotoritas.
496 751 605 836 Atque
623 749 676 814 his
694 750 774 834 ipsis
793 751 994 834 temporibus
1017 751 1158 818 dictator

142 841 241 905 etiam
273 844 324 904 ast
355 840 524 905 institutus
558 839 667 904 decem
698 838 766 903 fere
799 839 893 904 annis
923 843 999 922 post
1031 842 1157 923 primos

142 929 304 1013 eonsules,
328 927 365 992 Τ.
388 928 535 1012 Larcius,
557 948 740 1011 novumque
767 927 801 991 id
828 947 931 1012 genus
959 926 1088 1011 imperii
1110 930 1157 995 vi·

142 1039 215 1081 sum
247 1021 297 1082 est
328 1019 362 1081 et
393 1017 576 1100 proximum
610 1015 815 1080 similitudini
847 1013 965 1098 regiae
1016 1013 1079 1081 Sed
1105 1021 1156 1082 ta·

141 1126 216 1170 men
239 1104 348 1169 omnia
370 1126 497 1169 summa
524 1126 608 1170 oum·
626 1104 817 1170 auctoritate
840 1125 860 1168 a
883 1103 1083 1187 principibus
1107 1128 1156 1171 oe

141 1192 237 1258 dente
259 1193 381 1277 populo
408 1192 616 1275 tenebantur,
643 1213 844 1278 magnaeque
872 1213 925 1257 res
953 1194 1155 1276 temporibus

140 1281 207 1345 illis
232 1304 251 1346 a
273 1280 460 1346 fortissimis
483 1280 563 1347 viris
586 1303 712 1346 summo
735 1280 872 1365 imperio
894 1280 1069 1366 praeditis,
1090 1282 1155 1348 dio-

88 1370 302 1485 33tatoribus
326 1374 422 1454 atqua
446 1370 642 1472 oonsulibus.
664 1369 743 1434 belli
766 1369 971 1470 gerebantur.

88 1524 121 1573 ⁶⁷
140 1456 691 1631 psstdudaarfflzsssztuz
709 1479 919 1611 &stadt
940 1458 1155 1612 tutta}

140 1636 281 1720 regibus,
304 1656 370 1699 non
392 1635 491 1720 longo
509 1635 688 1718 intervallo,
712 1634 948 1700 sextodecimo
972 1633 1038 1699 fere
1062 1657 1157 1719 anno,

140 1723 295 1789 Postumo
332 1721 482 1789 Cominio
515 1722 569 1807 Sp.
597 1723 709 1789 Cassio
747 1722 933 1788 oonsulibus
966 1726 1155 1789 eonseoutus

141 1815 203 1897 est3
236 1811 271 1876 in
303 1834 367 1897 quo
394 1811 498 1877 defuit
525 1812 664 1878 fortasse
696 1811 795 1896 ratio,
827 1811 882 1876 sed
910 1816 1021 1876 tamen
1051 1812 1152 1877 vineit

141 1901 214 1983 ipsa
245 1922 353 1965 rerum
385 1901 588 1985 publicarum
620 1903 738 1964 natura
769 1920 865 1983 saepe
897 1900 1065 1965 rationem.
1117 1898 1155 1964 Id

142 1990 227 2053 enim
255 1991 415 2071 tenetote,
443 1988 529 2072 quod
557 1988 650 2052 initio
674 1987 753 2070 dixi,
782 1987 847 2053 nisi
876 1988 1053 2072 aequabilis
1076 1988 1156 2052 haec

141 2076 328 2141 incivitate
352 2075 561 2158 conpensatio
585 2075 629 2140 sit
649 2079 682 2140 et
701 2076 783 2140 iuris
807 2079 840 2139 et
870 2076 969 2142 officii
992 2081 1025 2142 et
1046 2098 1156 2141 muno-

140 2164 200 2245 ris,
224 2167 260 2227 ut
284 2166 317 2227 et
338 2165 514 2246 potestatis
538 2163 619 2228 satis
641 2163 677 2228 in
694 2164 941 2249 magistratibus
965 2170 998 2230 et
1020 2166 1157 2231 auotori-

140 2251 218 2316 tatis
255 2251 289 2315 in
325 2252 509 2336 prineipum
542 2253 677 2318 oonsilio
709 2255 743 2318 et
774 2253 937 2318 libertatis
969 2254 1005 2317 in
1035 2254 1155 2338 populo

140 2338 196 2426 sit,
231 2361 299 2404 non
335 2362 430 2425 posse
466 2341 551 2406 huno
583 2342 881 2407 incommutabilem
917 2342 965 2406 rei
1005 2342 1153 2425 publicae

87 2443 121 2492 58
140 2429 327 2494 conservari
359 2433 489 2495 statum.
535 2428 622 2495 Nam
650 2453 723 2496 oum
756 2433 842 2496 esset
870 2451 908 2494 ex
941 2450 1013 2494 aere
1045 2431 1154 2496 alieno

140 2521 305 2583 commota
328 2517 453 2603 civitas,
474 2518 567 2602 plebe
591 2523 736 2584 montem
760 2540 888 2584 sacrum
910 2518 1016 2602 prius,
1040 2517 1154 2584 deinde

139 2605 337 2671 Aventinum
366 2606 544 2690 occupavit.
590 2608 639 2673 Ao
665 2628 706 2671 ne
734 2606 876 2692 Lycurgi
905 2607 1035 2691 quidem
1062 2607 1156 2673 disei-

139 2695 230 2779 plina
258 2694 362 2759 tenuit
388 2695 462 2760 illos
485 2696 520 2760 in
546 2695 733 2760 hominibus
762 2694 894 2761 Graecis
921 2694 1044 2779 fren0s3
1076 2717 1154 2760 nam

139 2784 239 2848 etiam
263 2781 400 2869 Spartae
426 2788 584 2869 regnante
610 2783 821 2868 Theopompo
850 2787 927 2848 sunt
952 2783 1033 2847 item
1063 2784 1154 2867 quin-

52 2878 56 2883 '
140 2894 214 2955 que,
247 2894 326 2956 quos
358 2873 409 2935 illi
442 2872 606 2955 ephoros
639 2872 819 2956 appellant,
850 2872 885 2938 in
917 2869 1014 2937 Creta
1044 2876 1154 2937 autem

139 2960 261 3044 decem,
284 2960 339 3043 qui
358 2981 509 3025 oosmoe
532 2963 696 3045 vocantur,
718 2964 755 3025 ut
774 2963 888 3026 eontra
907 2961 1076 3026 consulare
1094 2961 1154 3025 irn-

137 3047 263 3131 perium
290 3048 413 3112 tribuni
435 3048 493 3133 pl.,
522 3049 567 3113 sio
594 3048 645 3114 illi
678 3051 792 3113 eontra
822 3048 890 3113 vim
921 3049 1047 3134 regiam
1079 3071 1153 3115 oon·

139 3134 256 3199 stituti.

85 3187 128 3250 34
205 3222 355 3302 tFuerat
378 3224 517 3289 fortasse
536 3225 646 3309 aliqua
668 3225 752 3290 ratio
775 3225 953 3290 maioribus
976 3225 1099 3291 nostris
1118 3226 1153 3289 in

85 3292 118 3341 59
138 3311 194 3376 illo
219 3333 292 3378 aere
315 3312 420 3378 alieno
448 3313 609 3398 medendi,
641 3335 723 3398 quae
749 3334 853 3398 neque
878 3312 1030 3379 Solonem
1054 3312 1153 3380 Athe·

136 3401 283 3465 niensem
310 3420 378 3466 non
411 3401 517 3488 longis
550 3402 751 3486 temporibus
782 3405 856 3468 ante
888 3401 1017 3486 fugerat
1048 3423 1153 3488 neque

104 3494 210 3571 'post
241 3489 411 3576 aliquanto
442 3495 592 3557 nostrum
625 3494 783 3576 senatum,
814 3511 887 3556 oum
915 3494 991 3556 sunt
1016 3495 1153 3576 propter
