2476 3848
467 188 709 255 ..155-

89 350 766 527 tuat.⁸lt“?la⁸tl3.'‘3.tl
786 352 939 507 ..Mt
958 352 1090 507 Mt.

89 526 172 608 eius,
195 526 251 609 qui
273 549 293 590 a
314 523 433 591 Solone
460 532 531 592 erat
552 529 759 594 constitutis.
801 527 894 595 Licet
916 527 1028 594 eadem
1051 527 1089 595 de
1108 545 1143 597 aa

88 613 250 677 Pausania
280 613 511 698 Lysandroque
542 616 659 699 Maera,
690 637 829 700 quorum
859 616 956 682 rebus
989 616 1091 702 gestis

90 722 287 785 quamquam
313 701 485 787 imperium
507 702 769 769 Lacedaemoniis
793 708 921 786 murra
946 707 1091 790 putatur,

89 793 199 853 tamen
224 811 265 852 ne
291 789 427 854 minima
453 789 581 874 quidem
608 812 647 855 er
673 795 765 877 parte
790 791 932 878 Lycurgi
963 791 1091 879 legibus

90 880 124 940 et
155 877 344 961 disciplinae
375 877 560 943 conferendi
591 882 681 962 sunt3
714 878 793 963 quin
824 880 925 945 etiam
956 879 998 945 ob
1029 879 1090 945 has

90 964 179 1046 ipsas
211 985 324 1028 causas
357 969 391 1029 et
420 966 622 1050 parentiores
652 966 837 1032 habuerunt
867 966 1026 1033 exereitus
1057 969 1090 1032 et

90 1051 250 1115 fortiores.
294 1051 377 1116 Mihi
404 1053 533 1136 quidem
559 1075 663 1138 neque
685 1054 793 1139 pueris
816 1054 911 1120 nobis
933 1053 976 1120 M.
994 1052 1090 1121 Scau

89 1160 145 1202 rus
168 1137 203 1203 0.
224 1136 329 1204 Mario
359 1161 477 1224 neque,
507 1163 580 1206 cum
606 1162 808 1207 versaremur
833 1142 868 1207 in
894 1141 1090 1228 republica,

90 1224 127 1300 Q.
146 1224 280 1290 Catulus
299 1225 356 1292 (ln.
373 1226 528 1312 Pompeio
551 1228 661 1294 cadere
683 1229 867 1313 videbatur3
888 1230 982 1315 prorui
1004 1229 1089 1295 anim

91 1317 167 1376 sunt
188 1313 269 1377 foris
292 1335 397 1396 arma,
423 1315 487 1378 nisi
513 1319 565 1380 est
594 1316 765 1381 consilium
796 1317 897 1401 domi3
925 1337 984 1383 nec
1015 1316 1090 1402 plue

91 1400 275 1485 Africanus,
289 1402 464 1487 singularis
484 1407 516 1466 et
529 1402 580 1467 vir
594 1406 627 1466 et
640 1403 825 1487 imperator,
843 1404 877 1467 in
895 1402 1090 1469 excindenda

90 1486 269 1553 Numantia
295 1490 343 1553 rei
369 1489 517 1574 publicae
539 1489 663 1573 profuit
690 1510 787 1572 quam
810 1489 921 1555 eodem
944 1492 1090 1574 tempora

89 1575 125 1640 P.
138 1575 258 1640 Nasica
270 1577 427 1660 privatus,
441 1598 513 1642 cum
527 1575 574 1642 Ti.
589 1575 769 1643 Gracchum
785 1577 963 1659 interemit3
981 1597 1090 1660 quam·

92 1685 188 1746 quam
210 1664 290 1729 haec
312 1665 441 1747 quidem
473 1685 524 1728 res
553 1685 620 1729 non
647 1665 752 1729 solum
780 1685 818 1728 ex
841 1663 1017 1730 domestica
1040 1668 1090 1730 est

91 1751 216 1816 ratione
239 1750 390 1838 (attingit
408 1752 507 1817 etiam
525 1751 689 1835 bellicam,
708 1751 860 1835 quoniam
879 1751 912 1816 vi
930 1772 1090 1835 manuque

90 1838 237 1904 confecta
259 1837 333 1924 est),
355 1839 411 1904 sed
432 1844 543 1904 tamen
559 1840 594 1904 id
614 1839 723 1924 ipsum
741 1843 791 1904 est
809 1841 937 1925 gestum
955 1838 1089 1905 consilio

90 1927 213 1991 urbano
237 1927 306 1991 sine
334 1927 482 1992 exercitu.
526 1926 613 1991 Illud
640 1931 748 1993 autem
776 1926 934 2011 optimum
962 1930 1025 2013 est,
1056 1926 1090 1992 in
1109 1940 1142 1994 tt

91 2013 177 2097 quod
197 2013 307 2079 invadi
330 2014 434 2078 solere
457 2014 498 2079 ab
521 2014 665 2100 inprobis
689 2018 721 2080 et
744 2014 861 2080 invidis
885 2013 993 2081 audio:

134 2099 280 2166 Cedant
303 2123 407 2165 arma
429 2104 558 2186 togae,
581 2102 765 2168 concedat
788 2102 921 2168 laurea
943 2100 1058 2168 laudi.

89 2186 137 2252 Ut
159 2189 244 2253 enim
272 2188 354 2254 alios
381 2189 544 2270 omittam,
570 2189 664 2255 nobis
692 2211 761 2255 rem
788 2189 952 2274 publicam
976 2189 1090 2275 gabar·

89 2275 243 2339 nantibus
269 2297 376 2340 nonne
402 2279 500 2361 togae
531 2298 621 2342 arma
653 2277 839 2342 cesserunt?
871 2298 974 2363 neque
1004 2276 1090 2343 anim

90 2362 268 2446 periculum
298 2363 334 2428 in
364 2384 399 2427 re
431 2362 560 2448 publica
590 2363 654 2428 fuit
684 2364 815 2449 gravius
847 2385 1000 2451 umquam
1031 2383 1090 2431 nec

91 2449 195 2514 maius
218 2450 329 2515 otium.
373 2449 427 2514 Ita
456 2450 599 2515 consiliis
623 2450 854 2537 diligentiaque
876 2455 989 2517 nostra
1011 2450 1090 2518 celo·

91 2537 172 2601 riter
190 2537 229 2602 de
247 2537 397 2603 manibus
416 2536 702 2603 audacissimorum
721 2537 839 2603 civium
853 2537 985 2623 delapsa
1000 2558 1091 2603 arma

89 2624 162 2708 ipsa
188 2626 380 2691 cecidenmt.
425 2623 513 2700 Quae
544 2645 596 2690 res
628 2625 729 2711 igitur
756 2628 850 2710 gesta
876 2643 1029 2708 umquam
1056 2622 1091 2687 in

89 2712 177 2777 bello
199 2714 314 2779 tanta?
337 2712 393 2798 qui
413 2712 598 2798 triumphus
626 2711 857 2778 conferendus?
901 2710 977 2775 licet
1005 2708 1090 2774 enim
1110 2723 1144 2779 tu

89 2799 183 2884 mihi,
214 2799 257 2866 M.
284 2801 345 2884 fili,
377 2799 463 2885 apud
494 2805 527 2865 te
559 2800 704 2886 gloriari,
738 2798 778 2865 ad
810 2818 904 2883 quem
937 2800 969 2863 et
999 2795 1090 2863 hero-

90 2886 175 2951 ditas
188 2887 285 2954 huius
300 2887 423 2974 gloriae
438 2891 471 2952 et
488 2887 649 2966 factorum
666 2885 807 2952 imitatio
825 2884 974 2970 pertinet.
1009 2882 1091 2951 Mihi

91 2974 220 3056 quidem
238 2980 324 3041 certe
343 2976 393 3041 vir
411 2975 577 3040 abundans
595 2974 720 3040 bellicis
739 2972 903 3057 laudibus,
926 2971 982 3039 On.
995 2970 1090 3039 Pom·

89 3061 194 3145 peius,
217 3063 330 3128 multis
358 3063 561 3128 audientibus
589 3063 651 3128 hoc
676 3060 805 3145 tribuit,
827 3064 865 3127 ut
883 3059 1004 3127 diceret
1024 3060 1091 3127 iru-

91 3152 160 3212 stra
183 3170 217 3214 se
239 3148 441 3233 triumphum
463 3149 597 3214 tertium
620 3147 865 3233 deportaturum
886 3148 1000 3234 fuisse,
1027 3147 1093 3217 nisi

90 3256 161 3300 meo
180 3236 215 3300 in
232 3258 302 3301 rem
320 3236 483 3320 publicam
501 3235 669 3318 beneficia,
686 3235 743 3299 ubi
761 3235 988 3322 triumpharet,
1005 3236 1093 3305 essu

89 3320 270 3388 habiturus.
320 3321 402 3388 Sunt
433 3322 535 3408 igitur
566 3321 760 3388 domesticae
786 3321 994 3390 fortitudines
1025 3344 1048 3390 n

89 3408 257 3475 inferiores
281 3409 491 3494 militaribus3
517 3410 553 3475 in
580 3408 696 3494 quibus
719 3409 793 3494 plus
816 3409 915 3478 etiam
937 3430 1036 3497 quam

89 3494 141 3561 his
165 3518 281 3584 operae
304 3497 464 3582 studiique
487 3497 672 3583 ponendum
694 3499 752 3565 est.
