2476 3848
479 132 869 248 -ass-7

90 343 194 430 igitur
216 342 276 406 has
299 341 444 426 corporis
467 363 509 406 an
526 340 732 427 Pythagorae
750 341 812 406 tibi
831 343 925 407 malis
943 343 1029 408 vires
1049 344 1097 408 in-

92 430 180 518 genii
199 429 290 494 dari?
327 428 473 512 Denique
491 429 556 494 isto
574 429 659 494 bono
682 432 785 514 utare,
808 430 884 495 dum
907 431 1001 514 absit,
1024 454 1097 496 curn

93 519 194 601 absit,
220 539 261 583 ne
288 517 447 600 requiras,
474 516 538 581 nisi
563 516 649 582 forte
673 517 892 583 adulescentes
915 519 1097 602 pueritiam,

92 606 263 692 paululum
282 609 388 670 aetate
406 605 571 689 progressi
590 605 841 670 adulescentiam
859 607 976 671 debent
994 607 1097 690 requi-

93 716 173 759 rere.
218 692 340 758 (lursus
368 696 418 757 est
445 696 551 758 certus
579 693 696 757 aetatis
723 696 757 757 ct
782 716 848 758 una
874 694 928 759 via
953 698 1097 779 naturae,

93 804 194 866 eaque
218 781 363 865 simplex,
386 801 508 864 suaque
526 781 639 865 cuique
656 781 744 866 parti
762 782 879 846 aetatis
898 782 1096 867 tempestivi·

91 875 144 935 tas
168 873 218 934 est
245 869 334 951 data,
361 872 398 931 ut
426 872 458 932 et
485 869 658 932 infirmitas
684 891 857 953 puerorum
885 874 917 934 et
944 869 1095 935 ferocitas

92 959 243 1023 iuvenum
271 960 304 1021 et
331 956 477 1040 gravitas
504 957 569 1021 iam
593 957 772 1021 constantis
796 958 913 1022 aetatis
937 961 969 1022 et
992 979 1098 1023 senec·

93 1046 174 1111 tutis
202 1044 373 1109 maturitas
400 1044 549 1108 naturale
576 1044 729 1127 quiddam
755 1045 888 1129 habeat,
921 1046 1006 1129 quod
1038 1068 1096 1111 suo

92 1138 239 1218 tempore
265 1131 388 1216 percipi
414 1131 538 1196 debeat.
582 1133 704 1196 Audire
731 1136 764 1197 te
792 1134 946 1217 arbitror,
979 1131 1095 1218 Scipio,
1115 1157 1150 1206 34

92 1223 211 1305 hospes
234 1224 309 1284 tuus
332 1220 438 1285 avitus
460 1218 633 1283 Masinissa
656 1241 737 1302 quae
759 1218 859 1285 faciat
881 1221 977 1286 hodie
997 1243 1096 1286 nona-

94 1311 186 1395 ginta
217 1311 314 1372 natus
347 1328 462 1390 annos3
499 1328 571 1371 cum
601 1307 766 1391 ingressus
792 1309 856 1372 iter
882 1309 1017 1392 pedibus
1045 1311 1096 1392 sit,

93 1399 128 1461 in
150 1419 267 1479 equum
290 1395 420 1459 omnino
439 1416 506 1458 non
524 1395 702 1476 ascendere,
725 1417 797 1459 cum
816 1399 924 1459 autem
944 1418 1035 1479 equo,
1058 1418 1097 1460 ex

94 1506 175 1568 equo
202 1505 269 1548 non
295 1482 498 1565 descendere,
524 1482 615 1546 nullo
642 1482 752 1565 imbri,
778 1483 869 1547 nullo
896 1482 1019 1568 frigore
1043 1482 1095 1546 ad-

95 1572 180 1654 duci,
206 1575 244 1636 ut
267 1571 372 1655 capite
395 1573 508 1654 operto
532 1569 587 1653 sit,
618 1591 776 1634 summam
800 1592 868 1634 esse
891 1571 926 1634 in
948 1592 986 1634 eo
1010 1570 1097 1635 sicci·

94 1664 196 1725 tatem
219 1659 376 1743 corporis,
403 1658 513 1741 itaque
540 1657 649 1722 omnia
676 1657 789 1741 exequi
816 1658 902 1742 regis
931 1658 1037 1722 officia
1064 1661 1097 1722 et

94 1769 235 1812 munera.
265 1747 379 1811 Potest
392 1746 494 1830 igitur
513 1746 699 1811 exercitatio
718 1749 750 1809 et
768 1745 984 1829 temperantia
998 1745 1096 1810 etiam

92 1837 128 1899 in
150 1838 314 1899 senectute
337 1855 526 1899 conservare
550 1834 672 1917 aliquid
694 1834 824 1918 pristini
846 1834 982 1899 roboris.

159 1921 236 1986 Non
250 1926 326 1986 sunt
339 1922 374 1985 in
388 1925 551 1987 senectute
565 1922 659 1988 vires.
686 1921 736 1986 Ne
745 1923 953 2006 postulantur
968 1921 1096 2006 quidem
1108 1929 1147 1992 11

93 2011 179 2077 vires
203 2033 222 2075 a
245 2013 416 2075 senectute.
452 2009 541 2095 Ergo
565 2015 598 2074 et
619 2011 746 2096 legibus
770 2015 803 2075 et
822 2010 983 2074 institutis
1002 2012 1097 2076 vacat

94 2102 184 2162 aetas
202 2102 315 2162 nostra
333 2098 518 2162 muneribus
536 2098 586 2178 iis,
605 2121 686 2182 quae
703 2120 769 2163 non
786 2103 924 2183 possunt
937 2099 1009 2170 ¹sine
1023 2098 1097 2164 viri-

93 2187 154 2250 bus
178 2185 338 2250 sustineri.
373 2185 488 2269 Itaque
510 2208 576 2250 non
598 2187 703 2270 mod0,
726 2187 811 2270 quod
833 2210 898 2252 non
915 2208 1097 2271 possumus,

95 2275 150 2339 sed
171 2296 212 2338 ne
236 2278 392 2356 quantum
409 2294 580 2358 possumus
600 2275 727 2357 quidem
746 2275 900 2358 cogimur.
936 2276 983 2338 At
1001 2274 1097 2339 multi
1115 2295 1149 2343 35

94 2363 141 2426 ita
165 2365 240 2425 sunt
262 2361 406 2425 inbecilli
430 2381 535 2443 senes,
557 2364 594 2424 ut
616 2362 742 2425 nullum
765 2360 863 2426 officii
886 2366 943 2426 aut
966 2363 1095 2427 omnino

93 2450 181 2515 vitae
202 2471 318 2513 munus
342 2448 473 2532 exsequi
494 2448 629 2533 possint.
665 2447 711 2511 At
733 2449 766 2512 id
787 2449 916 2531 quidem
938 2470 1004 2512 non
1025 2472 1097 2534 pro·

92 2537 199 2622 prium
223 2536 397 2601 senectutis
417 2535 533 2600 vitium
552 2539 610 2618 est,
633 2535 689 2600 sed
707 2557 874 2599 commune
893 2537 1096 2600 valetudinis.

93 2624 197 2700 Quam
214 2625 277 2688 fuit
295 2624 465 2689 inbecillus
483 2623 518 2688 P.
537 2621 684 2688 Africani
701 2622 796 2706 filius,
819 2623 848 2686 is
867 2621 922 2704 qui
945 2626 978 2685 te
1001 2624 1098 2707 adop·

93 2714 190 2797 tavit,
218 2735 315 2797 quam
337 2712 427 2776 tenui
451 2715 507 2776 aut
529 2712 620 2775 nulla
642 2711 750 2796 potius
775 2709 972 2774 valetudine!
1005 2709 1097 2785 Quod

92 2801 126 2864 ni
149 2801 197 2865 ita
218 2801 343 2884 fuisset,
367 2801 506 2864 alterum
527 2799 608 2863 illud
631 2798 792 2862 extitisset
814 2798 924 2861 lumen
941 2797 1097 2882 civitatis3

94 2889 134 2952 ad
156 2892 326 2972 paternam
350 2888 435 2951 enim
458 2887 713 2972 magnitudinem
737 2885 836 2950 animi
859 2884 1006 2949 doctrina
1022 2887 1098 2951 ube-

92 2976 159 3039 rior
183 2980 370 3041 accesserat.
412 2974 495 3050 Quid
518 2975 635 3039 mirum
657 2974 759 3059 igitur
780 2974 816 3037 in
839 2972 977 3058 senibus,
1001 2974 1029 3037 si
1051 2974 1097 3038 in-

92 3063 178 3127 firmi
201 3065 267 3128 sint
291 3064 477 3146 aliquando,
505 3085 578 3126 cum
605 3063 638 3126 id
660 3084 701 3126 ne
725 3061 944 3126 adulescentes
968 3062 1097 3145 quidem

92 3152 233 3237 effugere
261 3152 410 3236 possint?
454 3150 696 3232 Resistendum,
723 3148 814 3214 Laeli
841 3152 874 3213 et
901 3147 1020 3234 Scipio,
1051 3173 1097 3215 se·

90 3241 215 3305 nectuti
233 3244 292 3323 est,
315 3240 446 3321 eiusque
463 3238 544 3302 vitia
563 3237 733 3323 diligentia
751 3239 989 3322 compensanda
1008 3243 1097 3322 sunt3

90 3328 300 3412 pugnandum
313 3332 480 3411 tamquam
499 3329 613 3391 contra
635 3327 822 3391 morborum
839 3326 905 3390 vim
925 3327 970 3391 sic
983 3331 1099 3393 contra

91 3420 298 3499 senectutem,
316 3415 464 3479 habenda
477 3414 562 3478 ratio
581 3413 785 3498 valetudinis,
802 3415 957 3479 utendum
981 3436 1056 3480 exer
1075 3413 1083 3429 '

89 3503 270 3569 tationibus
285 3503 427 3589 modicis,
446 3506 576 3568 tautum
589 3502 653 3568 cibi
667 3505 700 3568 et
713 3502 855 3588 potionis
870 3501 1033 3567 adhibend
1078 3498 1081 3503 ’
