2476 3848
534 163 773 230 ,540-

145 325 362 409 committere,
396 344 531 407 aegrum
558 323 653 389 alteri
681 345 778 407 quam
805 321 933 406 multis,
967 323 1008 388 ad
1035 322 1164 388 maiora

144 433 331 498 pervenero.
374 411 412 476 L.
432 411 597 488 Quaenam
621 412 686 476 ista
709 411 807 477 sunt?
852 411 884 477 S.
906 410 1012 487 Quid?
1033 414 1071 476 tu
1094 433 1163 477 non

144 501 234 567 vides
257 503 352 566 unius
369 501 606 586 inportunitate
625 504 658 565 et
680 499 833 583 superbia
851 499 1021 584 Tarquinii
1039 521 1163 565 nomen

144 591 219 656 huic
251 590 371 674 populo
407 591 442 654 in
479 589 588 655 odium
619 589 746 654 venisse
781 588 931 673 regium?
984 587 1023 653 L.
1054 587 1164 654 Video

143 700 230 762 vero,
252 678 367 764 inquit
412 677 446 745 S.
467 676 558 763 Ergo
582 678 680 743 etiarn
704 676 786 742 illud
808 677 911 761 vides,
935 676 974 741 de
997 698 1061 761 quo
1083 699 1164 761 pro·

144 767 311 852 gradiente
329 767 477 832 oratione
499 767 593 850 plura
611 788 663 831 me
682 765 842 831 dicturum
864 769 959 849 puto,
981 764 1161 850 Tarquinio

145 859 257 920 exacto
294 855 378 919 mira
415 854 554 939 quadam
591 855 753 919 exultasse
789 855 947 938 populum
983 854 1163 918 insolentia

145 943 320 1028 libertatis3
343 948 413 1008 tum
433 944 538 1008 exacti
555 942 591 1006 in
610 941 741 1007 exilium
759 943 959 1026 innocentes,
981 946 1052 1006 tum
1072 943 1163 1007 bona

144 1031 271 1115 direpta
299 1032 490 1116 multorum,
515 1034 586 1095 tum
614 1031 713 1096 annui
740 1032 902 1115 consules,
929 1034 999 1095 turn
1027 1029 1163 1095 demissi

143 1119 265 1204 populo
288 1118 402 1201 fasces,
424 1122 494 1184 turn
517 1120 764 1203 provocationes
783 1119 928 1185 omnium
950 1139 1066 1202 rerum,
1088 1121 1162 1184 tum

144 1208 341 1274 secessiones
363 1208 486 1292 plebei,
512 1212 582 1273 turn
605 1230 739 1292 prorsus
761 1208 810 1273 ita
833 1211 905 1273 acta
932 1208 1100 1292 pleraque,
1123 1211 1163 1272 ut

142 1296 177 1360 in
208 1297 328 1380 populo
368 1301 475 1362 essent
507 1297 625 1362 omnia.
674 1296 712 1362 L.
739 1297 816 1382 Est,
832 1296 969 1381 inquit,
1000 1299 1038 1360 ut
1069 1294 1161 1360 dicis.

90 1388 123 1438 63
142 1384 205 1449 Est
232 1406 323 1469 vero,
349 1386 457 1470 inquit
479 1383 601 1471 Scipio,
629 1385 665 1450 in
692 1407 771 1471 pace
800 1389 832 1450 et
855 1386 936 1470 otio,
967 1383 1044 1449 licet
1071 1385 1161 1449 enim

141 1474 306 1556 lascivire,
342 1475 419 1539 dum
451 1474 534 1538 nihil
566 1478 708 1555 metuas,
743 1478 780 1538 ut
810 1474 846 1538 in
876 1473 953 1538 navi
990 1494 1027 1538 ac
1060 1493 1160 1557 saepe

143 1563 241 1626 etiam
269 1563 305 1626 in
326 1563 441 1628 morbo
465 1563 537 1629 leri.
584 1561 646 1628 Sed
669 1563 799 1647 atille,
828 1563 883 1646 qui
910 1561 1057 1646 navigat,
1085 1583 1161 1626 cum

143 1649 251 1714 subito
276 1672 364 1716 mare
387 1651 494 1734 coepit
521 1651 722 1733 horrescere,
751 1655 785 1715 et
811 1651 868 1715 ille
892 1672 989 1736 aeger
1010 1649 1160 1734 ingrave-

143 1742 251 1804 scente
274 1741 390 1805 morbo
408 1739 503 1804 unius
523 1760 618 1825 opem
639 1740 791 1824 inploret,
815 1740 861 1805 sic
883 1742 995 1803 noster
1017 1739 1159 1823 populus

141 1827 177 1890 in
203 1848 282 1911 pace
310 1831 342 1893 et
370 1829 459 1893 domi
486 1829 626 1912 imperat
653 1832 686 1893 et
717 1829 798 1912 ipsis
826 1826 1071 1912 magistratibus
1099 1827 1160 1891 mi·

140 1918 251 1998 natur,
280 1920 421 2000 recusat,
445 1916 606 2002 appellat,
632 1920 798 2000 provocat,
827 1916 862 1981 in
886 1916 970 1982 bello
995 1915 1041 1981 sic
1064 1919 1159 1999 paret

141 2008 179 2067 ut
201 2004 284 2089 regi3
307 2004 395 2069 valet
418 2005 503 2069 enim
523 2005 612 2069 salus
634 2006 709 2088 plus
729 2026 826 2089 quam
844 2004 955 2070 libido.
992 2003 1159 2069 Graviori-

141 2092 202 2155 bus
232 2112 307 2156 vero
340 2093 435 2156 bellis
463 2092 562 2156 etiam
595 2092 664 2157 sinc
701 2093 826 2177 collega
858 2113 954 2158 omne
985 2092 1159 2177 imperium

140 2178 247 2242 nostri
273 2200 372 2263 penes
401 2181 546 2266 singulos
575 2202 645 2246 csse
668 2182 853 2266 voluerunt,
883 2201 1020 2264 quorum
1049 2181 1158 2264 ipsum

140 2287 262 2332 nornen
291 2267 355 2333 vim
383 2290 460 2334 suae
487 2269 660 2354 potestatis
688 2270 820 2336 indicat.
869 2269 956 2334 Nam
985 2270 1161 2334 dictator

123 2354 269 2439 -quidem
289 2356 330 2422 ab
351 2378 388 2423 eo
410 2359 601 2444 appellatur,
625 2358 700 2443 quia
724 2358 873 2442 dicitur,
898 2358 954 2423 sed
975 2358 1011 2422 in
1032 2357 1157 2422 nostris

139 2443 231 2509 libris
249 2444 338 2510 vides
358 2467 441 2530 eum,
459 2446 559 2530 Laeli,
581 2447 811 2533 magistrum
829 2446 965 2531 populi
988 2445 1158 2530 appellari.

87 2626 131 2783 dd
205 2710 252 2775 Et
279 2710 401 2797 Scipio:
432 2711 495 2777 Est
522 2713 667 2797 omnino,
700 2733 772 2777 cum
802 2711 840 2776 de
872 2711 931 2776 illo
964 2731 1082 2796 genere
1109 2709 1158 2777 rei

138 2799 297 2884 publicae,
321 2802 406 2884 quod
424 2801 564 2866 maxime
582 2800 695 2885 probo,
719 2821 802 2885 quae
821 2799 935 2883 sentio,
959 2800 1079 2878 dixero,
1102 2819 1157 2864 ac-

139 2887 282 2952 curatius
314 2888 397 2953 mihi
429 2888 599 2954 dicendum
631 2889 671 2955 dc
703 2887 1012 2955 commutationibus
1046 2907 1157 2952 rerum

137 2975 354 3059 publicarum,
382 2978 445 3042 etsi
474 2977 606 3042 minime
633 2977 730 3042 facile
759 2999 813 3042 eas
836 2976 871 3040 in
899 2998 937 3041 ea
964 2998 999 3040 rc
1026 2975 1159 3060 publica

138 3063 263 3129 futuras
291 3072 380 3146 puto.
427 3064 491 3130 Sed
518 3066 615 3132 huius
642 3066 752 3152 regiae
779 3065 887 3151 prima
914 3068 948 3130 et
975 3063 1158 3130 certissima

139 3155 189 3214 est
211 3151 270 3216 illa
289 3154 443 3219 mutatio:
472 3153 553 3220 oum
575 3175 633 3220 rex
655 3155 796 3220 iniustus
824 3175 894 3219 esse
918 3153 1040 3237 coepit,
1068 3152 1158 3236 perit

137 3237 219 3302 illud
246 3239 321 3305 ilico
349 3263 465 3327 genus,
493 3248 526 3308 et
553 3247 603 3308 est
629 3243 713 3308 idem
737 3243 793 3307 ille
820 3247 992 3328 tyrannus,
1020 3241 1156 3306 deterri·

137 3347 225 3391 mum
268 3349 370 3414 genus
409 3336 441 3396 et
482 3331 656 3397 finitimum
693 3332 829 3416 optim03
870 3352 965 3417 quem
1004 3330 1033 3395 si
1070 3329 1155 3414 opti·

136 3419 241 3480 mates
265 3423 511 3503 oppresserunt,
534 3421 620 3506 quod
642 3420 744 3485 ferme
768 3419 884 3502 evenit,
906 3419 1007 3485 habet
1030 3420 1155 3483 statum

69 3458 188 3630 'res
216 3505 351 3589 publicu
383 3508 422 3572 de
453 3508 560 3574 tribus
588 3509 826 3594 secundarium,
857 3512 908 3573 est
940 3507 1026 3573 enim
1059 3506 1156 3592 quasi
