2476 3848
532 170 767 235 -430—

159 354 245 429 hato,
266 341 343 407 illud
362 335 454 401 modo
473 332 643 415 explicant,
663 329 701 392 de
720 350 783 411 quo
802 332 876 392 anto
894 328 975 392 nihil
994 328 1158 412 seriptum

158 444 219 515 est-3
240 423 420 515 philosophi
441 438 672 504 quamcumque
694 438 762 480 rem
788 416 911 480 habent
937 417 971 480 in
993 417 1159 502 manibus,

158 528 190 588 in
216 538 286 583 eam
312 531 392 597 quae
419 506 622 587 eonveniunt,
649 507 826 589 congerunt
853 505 974 588 omnis,
1001 504 1066 568 etsi
1088 505 1158 570 alio

156 612 225 674 loeo
248 600 409 682 disputata
432 598 514 658 sunt.
560 592 653 668 Quod
679 593 713 655 ni
739 593 787 656 ita
809 596 907 677 esset,
934 614 990 657 our
1013 588 1159 678 Stoicus,

154 696 182 761 si
204 692 288 755 esset
309 683 499 769 quaesitum,
528 682 648 744 satisne
672 680 711 744 ad
737 680 831 744 beate
853 679 1025 744 vivendum
1046 681 1157 746 virtus

154 780 274 866 posset,
302 771 405 835 multa
434 766 574 833 diceret?
604 768 655 832 oui
682 768 761 834 satis
789 771 874 832 esset
898 767 1094 850 respondere
1121 791 1158 835 se

154 870 227 933 ante
252 859 396 926 docuisse
422 854 504 920 nihil
527 856 647 920 bonum
675 876 758 938 esse,
785 856 849 920 nisi
872 856 958 939 quod
979 856 1159 922 honestum

153 955 249 1031 esset,
271 947 332 1010 hoo
355 945 490 1028 probato
514 963 709 1026 consequens
733 963 801 1007 esse
825 944 953 1007 beatam
970 943 1073 1008 vitam
1090 946 1158 1011 vir-

152 1043 221 1105 tute
243 1054 311 1098 esse
334 1035 528 1114 contentam,
552 1035 586 1095 et
607 1052 671 1114 quo
694 1030 789 1095 modo
811 1030 873 1095 hoo
892 1032 935 1095 sit
955 1052 1157 1115 consequens

151 1125 212 1206 illi,
235 1120 280 1185 sio
302 1119 383 1182 illud
404 1117 492 1201 huie,
520 1122 569 1203 ut,
597 1117 625 1182 si
647 1118 743 1183 beata
766 1119 833 1182 vita
856 1119 972 1183 virtute
1001 1123 1158 1185 contenta

151 1212 206 1292 sit,
235 1207 299 1271 nisi
327 1207 497 1271 honestum
527 1206 610 1291 quod
640 1207 696 1289 sit,
724 1206 805 1270 nihil
835 1206 923 1270 aliud
953 1206 996 1270 sit
1021 1206 1157 1274 bonum

103 1314 132 1363 rs
151 1296 212 1363 Sed
239 1299 347 1358 tamen
368 1315 434 1358 non
456 1300 557 1378 agunt
580 1295 638 1377 sio;
667 1315 742 1358 nam
766 1296 798 1358 et
825 1294 863 1357 de
890 1293 1027 1358 honesto
1051 1297 1086 1359 et
1116 1296 1157 1361 de

150 1404 274 1450 summo
297 1382 383 1447 bono
406 1382 579 1465 separatim
601 1382 678 1445 libri
702 1384 788 1464 sunt,
812 1385 938 1446 etcum
961 1403 1000 1445 ex
1023 1403 1062 1447 eo
1086 1384 1157 1450 effi-

149 1472 252 1536 oiatur
283 1469 361 1532 satis
393 1488 545 1552 magnam
576 1469 612 1532 in
643 1469 761 1533 virtute
789 1469 828 1532 ad
858 1468 951 1532 beate
981 1470 1177 1537 vivendum'

149 1579 218 1622 esse
241 1557 320 1634 vim,
342 1557 445 1622 nihilo
464 1557 569 1621 minus
592 1556 654 1621 hoe
672 1560 774 1641 agunt
791 1557 972 1639 separatim.
1008 1556 1156 1641 Propriis

149 1646 235 1709 enim
262 1649 295 1709 et
317 1644 384 1708 suis
409 1645 607 1729 argumentis
630 1647 663 1707 et
685 1644 956 1709 admonitionibus
983 1647 1158 1712 tractanda

149 1754 292 1816 quaeque
315 1753 365 1795 res
389 1736 451 1810 est,
478 1735 571 1797 tanta
599 1732 797 1814 praesertim.
843 1729 928 1797 Cave
952 1733 1036 1797 enim
1059 1737 1156 1817 putes

148 1821 249 1884 ullam
263 1820 298 1883 in
312 1819 518 1903 philosophia
530 1841 639 1884 vocem
654 1820 805 1884 emissam
819 1821 995 1904 clariorem,
1009 1821 1157 1886 ullumve

150 1928 219 1972 esse
237 1906 461 1991 philosophiae
480 1908 674 1988 promissum
692 1907 821 1971 uberius
841 1911 897 1972 aut
915 1909 1025 1972 maius.
1067 1908 1158 1976 Nam

150 1994 225 2079 quid
247 1993 437 2076 profitetur?
465 2015 484 2059 o
508 1993 540 2057 di
563 1994 652 2058 bonit
679 1994 895 2078 perfecturam
917 2018 964 2079 se,
996 1997 1051 2079 qui
1074 1997 1156 2083 legi-

149 2083 209 2146 bus
233 2081 298 2144 suis
321 2081 493 2164 paruisset,
520 2085 557 2146 ut
584 2085 669 2146 esset
696 2087 807 2147 eontra
833 2084 996 2148 fortunam
1026 2105 1158 2169 semper

150 2172 306 2250 armatus,
325 2171 361 2232 ut
378 2170 487 2233 omnia
505 2170 668 2252 praesidia
688 2170 823 2234 haberet
841 2171 875 2235 in
894 2193 927 2235 se
946 2171 1027 2236 bene
1045 2173 1156 2238 beate·

98 2278 131 2327 20
151 2277 211 2339 que
243 2255 382 2338 vivendi,
414 2260 451 2321 ut
481 2261 566 2321 esset
595 2279 720 2340 semper
749 2259 883 2342 denique
912 2260 1036 2323 beatus.
1092 2259 1158 2326 Sed

149 2343 275 2428 videro,
317 2344 393 2427 quid
429 2344 564 2429 efficiat,
606 2346 763 2429 tantisper
799 2347 860 2411 hoo
899 2347 1006 2429 ipsum
1043 2351 1156 2432 magni

150 2435 308 2514 aestumo,
332 2432 416 2515 quod
438 2433 616 2515 pollicetur.
652 2431 736 2497 Nam
759 2433 880 2497 Xerxes
903 2433 1031 2517 quidem
1054 2436 1155 2501 refer-

149 2523 201 2584 tus
220 2520 368 2584 omnibus
387 2521 538 2603 praemiis
557 2521 710 2604 donisque
729 2521 890 2602 fortunae,
910 2544 976 2586 non
996 2523 1157 2608 equitatu,

148 2629 215 2673 non
237 2607 439 2691 pedestribus
462 2609 577 2691 oopiis,
601 2630 666 2672 non
688 2609 818 2672 navium
841 2609 1061 2694 multitudine,
1088 2633 1157 2678 non

149 2695 274 2759 infinito
301 2695 441 2777 pondere
464 2696 534 2760 auri
558 2699 739 2778 contentus,
767 2696 945 2780 praemium
974 2700 1156 2784 proposuit,

151 2784 204 2866 qui
231 2783 405 2847 invenisset
432 2805 548 2848 novam
574 2784 787 2866 voluptatem,
816 2806 879 2867 qua
908 2785 980 2867 ipsa
1002 2807 1068 2850 non
1090 2787 1157 2852 fuit

150 2874 332 2955 contentus,
354 2892 456 2954 neque
479 2872 564 2934 enim
582 2893 735 2954 umquam
758 2872 854 2935 finem
876 2873 1020 2936 inveniet
1042 2873 1156 2941 libido.

149 2957 218 3022 Nos
242 2958 357 3022 vellem
379 2959 523 3042 praemio
550 2959 662 3023 elicere
689 2980 869 3043 possemus,
899 2960 954 3044 qui
976 2960 1071 3026 nobis
1097 2963 1157 3027 ali-

105 3093 124 3156 8
151 3044 226 3127 quid
250 3047 427 3129 attulisset,
450 3067 512 3129 quo
536 3046 597 3111 hoo
620 3047 742 3111 firmius
767 3047 975 3112 crederemus.

98 3170 129 3216 ‘21
215 3132 256 3199 A.
282 3132 409 3198 Vellem
438 3133 471 3197 id
500 3134 641 3218 quidem,
674 3134 729 3197 sed
757 3135 862 3200 habeo
891 3136 1037 3219 paulum,
1068 3139 1157 3221 quod

150 3219 318 3300 requiram.
363 3220 435 3304 Ego
459 3222 544 3286 enim
569 3221 730 3287 adsentior
753 3243 876 3305 eorum,
901 3244 982 3307 quoe
1005 3226 1158 3311 posuisti,

149 3305 286 3370 alterum
314 3307 408 3371 alteri
435 3330 631 3393 consequens
655 3331 737 3394 esse,
759 3314 808 3395 ut,
833 3332 927 3394 quem
950 3311 1158 3398 admodum,

149 3394 190 3477 si,
214 3394 298 3477 quod
320 3394 491 3460 honestum
514 3398 570 3478 sit,
593 3397 625 3461 id
649 3398 752 3462 solum
776 3399 820 3462 sit
843 3399 975 3481 bonum,
1000 3405 1159 3484 sequatur

70 3450 247 3634 'tam
272 3483 401 3547 beatam
419 3485 536 3548 virtute
555 3484 681 3567 oonfioi,
705 3485 762 3564 sio,
786 3487 813 3551 si
831 3487 900 3551 vita
918 3486 1014 3551 beata
1036 3487 1072 3553 in
1090 3488 1158 3555 vir·
