2476 3848
470 159 710 242 -2'47-

85 345 127 409 ad
149 344 245 408 fidem
268 345 388 408 bonam
411 345 528 409 statuit
549 348 712 428 pertinere
731 348 846 411 notum
864 366 934 411 esse
952 344 1092 428 emptori

86 431 210 515 vitium,
234 432 319 515 quod
336 436 448 496 nosset
465 432 622 498 venditor.
659 431 751 508 Quod
770 433 798 497 si
820 436 907 498 recte
928 432 1091 514 iudicavit,

86 541 152 583 non
173 522 260 583 recte
283 518 514 584 frumentarius
535 520 606 602 ille,
632 541 699 584 non
725 524 812 586 recte
840 520 967 585 aedium
993 520 1092 603 pesti-

86 607 223 672 lentium
251 607 399 671 venditor
426 607 537 672 tacuit.
582 605 644 672 Sed
670 607 766 672 huius
793 608 881 672 modi
903 607 1091 672 reticentiae

85 695 155 758 iure
179 694 267 758 civili
290 695 517 778 comprehendi
534 716 601 760 non
618 699 769 779 possunt,
792 717 873 778 quae
893 697 1001 758 autem
1019 715 1092 778 pos-

87 785 172 865 sunt,
196 781 369 866 diligenter
387 785 547 847 tenentur.
582 782 625 846 M.
641 783 764 847 Marius
779 782 997 866 Gratidianus,
1019 802 1092 866 pro-

85 870 225 954 pinquus
247 872 368 952 noster,
391 867 426 934 d.
441 867 554 955 Sergio
571 868 691 934 Oratae
709 870 896 934 vendiderat
915 869 1009 934 aedes
1028 891 1092 952 eae,

87 979 167 1040 quas
196 957 237 1021 ab
266 956 377 1021 eodem
404 957 474 1041 ipse
498 957 609 1041 paucis
633 961 708 1022 ante
731 958 824 1021 annis
848 961 979 1022 emerat.
1023 955 1091 1021 Eae

87 1045 284 1128 serviebant,
314 1045 370 1108 sed
397 1044 458 1109 hoc
484 1045 519 1108 in
541 1045 702 1130 mancipio
725 1044 847 1110 Marius
870 1067 936 1110 non
959 1045 1092 1109 dixerat.

29 1204 32 1208 r
86 1132 236 1196 Adducta
262 1154 314 1197 res
341 1132 376 1196 in
398 1132 550 1197 iudicium
574 1137 633 1197 est.
678 1132 812 1197 Oratam
836 1131 986 1216 Crassus,
1014 1130 1092 1196 Gra-

85 1220 246 1284 tidianum
269 1219 460 1284 defendebat
482 1219 653 1284 Antonius.
689 1219 744 1285 Ius
763 1220 899 1285 Crassus
923 1220 1094 1305 urguebat,

87 1306 184 1391 ‘quod
211 1307 283 1371 vitii
310 1307 458 1372 venditor
483 1329 549 1372 non
576 1307 710 1372 dixisset
737 1309 854 1392 sciens,
880 1308 915 1371 id
942 1311 1092 1391 oportere

85 1393 266 1480 praestari',
294 1395 491 1479 aequitatem
519 1394 696 1476 Antonius,
725 1395 888 1478 ‘quoniam
916 1394 948 1458 id
976 1394 1092 1458 vitium

86 1483 236 1568 ignotum
250 1479 364 1568 Sergio
382 1504 447 1547 non
465 1482 590 1566 fuisset,
609 1482 665 1566 qui
682 1482 758 1546 illas
777 1482 872 1546 aedes
887 1481 1091 1564 vendidisset,

85 1570 168 1634 nihil
190 1569 291 1634 fuisse
312 1592 442 1635 necesse
465 1570 536 1652 dici,
558 1591 617 1634 neo
640 1592 713 1634 eum
737 1591 806 1634 esse
825 1570 1004 1653 deceptum,
1027 1569 1091 1652 qui,

84 1658 131 1741 id,
159 1653 245 1742 quod
272 1661 407 1741 emerat,
437 1679 501 1740 quo
528 1657 597 1722 iure
625 1662 724 1741 esset,
756 1655 901 1722 teneret?
947 1655 1090 1731 Quorsus
1110 1677 1144 1727 68

39 1808 41 1811 ,
85 1745 186 1810 haec?
232 1744 278 1810 Ut
304 1744 387 1809 illud
412 1745 599 1830 intellegas,
630 1766 697 1809 non
725 1744 885 1829 placuisse
913 1743 1090 1808 maioribus

75 1832 208 1905 nostris
232 1836 368 1896 astutos

153 1919 215 1984 Sed
238 1920 333 1984 aliter
355 1921 454 2005 leges,
477 1920 573 1984 aliter
595 1920 784 2005 philosophi
803 1919 926 1985 tollunt
944 1919 1091 2002 astutias,
1103 1921 1143 1986 17

85 2008 184 2093 leges,
208 2011 366 2090 quatenus
384 2030 482 2072 manu
500 2012 609 2073 tenere
627 2012 773 2092 possunt,
795 2008 992 2092 philosophi,
1015 2029 1091 2092 qua·

85 2098 180 2158 tenus
198 2095 323 2159 ratione
343 2099 375 2159 et
391 2095 625 2181 intellegentia.
656 2094 753 2160 Ratio
769 2117 846 2180 ergo
860 2096 922 2162 hoo
936 2097 1091 2181 postulat,

84 2190 128 2246 ne
150 2183 225 2265 quid
245 2182 407 2266 insidiose,
429 2205 469 2248 ne
488 2184 565 2266 quid
584 2184 744 2267 simulate,
766 2206 807 2249 ne
826 2183 903 2267 quid
920 2183 1090 2249 fallaciter.

85 2267 209 2334 Suntne
231 2270 333 2355 igitur
355 2270 491 2334 insidiae
514 2271 644 2335 tendere
666 2272 799 2357 plagas,
814 2272 952 2352 etiamsi
974 2272 1091 2337 excita-

84 2360 177 2421 turus
200 2379 267 2422 non
289 2357 333 2421 sis
356 2379 416 2422 nec
438 2357 643 2442 agitaturus?
666 2358 756 2442 ipsae
780 2358 865 2422 enim
887 2359 975 2423 ferae
997 2359 1089 2423 nullo

84 2444 273 2527 insequente
302 2466 397 2529 saepe
424 2444 577 2508 incidunt.
623 2441 675 2509 Sic
701 2448 739 2509 tu
770 2445 864 2509 aedes
896 2447 1090 2530 proscribas,

83 2532 231 2596 tabulam
245 2536 412 2616 tamquam
426 2533 559 2617 plagam
572 2553 684 2615 ponas,
704 2532 848 2612 [domum
862 2536 996 2616 propter
1009 2533 1090 2597 vitia

83 2619 226 2703 vendas,]
241 2620 275 2683 in
289 2642 361 2684 eam
375 2619 493 2702 aliquis
506 2619 650 2684 incurrat
662 2619 860 2703 inprudens?
892 2618 963 2684 Hoc
981 2641 1090 2701 quam·
1108 2637 1143 2686 69

84 2728 183 2789 quam
201 2707 294 2771 video
307 2712 441 2791 propter
456 2707 719 2791 depravationem
733 2705 972 2770 consuetudinis
986 2727 1090 2789 neque

84 2816 174 2858 more
201 2798 296 2878 turpe
323 2794 437 2858 haberi
463 2816 567 2877 neque
595 2798 652 2858 aut
678 2794 751 2878 lege
784 2793 902 2857 sanciri
933 2796 990 2856 aut
1021 2793 1090 2857 iure

84 2881 186 2966 civili,
215 2886 326 2946 tamen
348 2886 484 2946 naturae
507 2882 579 2968 lege
603 2886 750 2946 sanctum
773 2884 832 2944 est.
873 2877 1017 2944 Societas
1040 2885 1091 2945 est

84 2969 169 3033 enim
189 2966 291 3056 (quod
310 2971 371 3034 etsi
391 2992 487 3054 saepe
507 2970 627 3034 dictum
647 2973 705 3053 est,
723 2968 892 3042 dicendum
911 2972 960 3032 est
980 2972 1091 3034 tamen

84 3055 237 3143 saepius),
260 3058 419 3122 latissime
443 3057 572 3141 quidem
596 3079 676 3140 quae
700 3059 821 3140 pateat,
844 3056 988 3120 omnium
1005 3057 1090 3120 inter

83 3166 209 3228 omnes,
232 3145 368 3210 interior
391 3167 518 3228 eorum,
541 3145 596 3228 qui
620 3144 761 3208 eiusdem
786 3144 892 3230 gentis
916 3144 995 3226 sint,
1017 3167 1090 3228 pro·

13 3312 15 3314 q
82 3232 155 3315 pior
183 3254 308 3316 eorum,
341 3233 396 3316 qui
428 3233 570 3297 eiusdem
602 3232 754 3297 civitatis.
802 3232 918 3316 Itaque
950 3232 1089 3297 maiores

84 3319 174 3383 aliud
203 3320 254 3384 ius
287 3321 446 3405 gentium,
478 3320 566 3384 aliud
596 3320 647 3383 ius
679 3320 773 3385 civile
805 3342 875 3384 esse
904 3321 1090 3405 voluerunt,

82 3407 169 3490 quod
192 3407 296 3490 civile,
318 3428 384 3471 non
407 3408 492 3471 idem
515 3408 667 3472 continuo
692 3407 846 3493 gentium,
872 3407 957 3491 quod
981 3411 1091 3472 autem

81 3494 242 3580 gentium,
269 3494 354 3559 idem
382 3494 476 3559 civile
504 3515 573 3559 esse
600 3494 704 3559 debet.
750 3492 812 3561 Sed
834 3515 895 3559 nos
917 3494 987 3560 veri
1008 3392 1168 3630 iuria‘
