2476 3848
546 171 786 237 -406-

113 349 148 398 30
167 336 260 413 Quod
287 339 395 401 autem
418 335 560 400 Theseus
584 357 603 398 a
630 334 726 399 dooto
749 356 783 399 se
807 333 933 398 audisse
956 333 1048 416 dicit,
1074 333 1108 398 id
1138 334 1180 400 de

166 447 200 489 se
236 425 306 508 ipso
343 423 485 507 loquitur
519 421 699 505 Euripides.
757 420 876 486 Fuerat
917 421 1003 485 enim
1044 420 1179 487 auditor

166 511 392 597 Anaxagorae,
415 532 510 595 quem
533 509 640 574 ferunt
661 509 812 573 nuntiata
831 511 935 573 morte
958 509 1019 573 filii
1041 508 1180 575 dixisse:

167 597 358 665 ‘Sciebam
381 620 440 663 me
462 597 640 684 genuisse
663 595 885 661 mortalem?
926 596 1017 674 Quae
1035 619 1099 662 vox
1123 598 1179 662 de·

167 687 270 752 clarat
295 687 336 751 iis
360 708 429 751 esse
455 685 536 750 haee
559 686 688 767 acerba,
717 685 832 768 quibus
853 706 921 750 non
943 684 1065 749 fuerint
1087 686 1179 772 eogi-

166 780 245 839 tata.
280 774 369 859 Ergo
392 775 424 838 id
447 773 576 858 quidem
593 793 660 837 non
681 772 828 855 dubium,
850 772 929 857 quin
947 773 1070 857 omnia,
1093 794 1180 858 quae

166 864 253 928 mala
274 865 440 946 putentur,
463 861 527 926 sint
549 859 713 943 inprovisa
732 859 891 944 graviora.
927 860 1043 945 Itaque
1064 884 1179 946 quam·

166 972 264 1034 quam
281 972 347 1015 non
369 949 449 1014 haee
466 970 531 1012 una
548 969 600 1011 res
619 947 719 1012 effieit
737 949 911 1013 maximam
930 948 1179 1034 aegritudinem,

166 1040 288 1120 tamen,
323 1036 475 1121 quoniam
507 1035 645 1100 multum
681 1039 791 1120 potest
825 1037 968 1121 provisio
1005 1036 1107 1102 animi
1145 1041 1180 1103 et

166 1123 373 1208 praeparatio
415 1123 455 1187 ad
496 1123 703 1188 minuendum
743 1124 901 1208 dolorem,
942 1125 1009 1189 sint
1048 1145 1179 1209 semper

167 1213 277 1277 omnia
302 1212 427 1276 homini
453 1211 595 1276 humana
623 1211 786 1276 meditata.
839 1212 884 1278 Et
910 1212 1063 1277 nimirum
1094 1211 1179 1279 haee

167 1303 218 1364 est
247 1299 306 1363 illa
334 1303 503 1383 praestans
536 1302 569 1363 et
599 1299 709 1364 divina
741 1300 912 1384 sapientia,
944 1303 977 1365 et
1005 1305 1179 1386 pereeptas

166 1388 296 1472 penitus
329 1389 362 1452 et
391 1390 607 1471 pertractatas
639 1409 690 1452 res
726 1388 885 1452 humanas
921 1388 1056 1472 habere,
1091 1390 1179 1456 nihil

167 1474 331 1557 admirari,
362 1497 435 1541 oum
467 1475 631 1553 acciderit,
662 1474 758 1559 nihil,
790 1479 863 1540 ante
894 1498 991 1560 quam
1024 1479 1179 1562 evenerit,

166 1586 233 1628 non
256 1563 383 1628 evenire
405 1585 501 1646 posse
524 1563 684 1628 arbitrari.

211 1686 329 1762 Quam
353 1686 398 1750 ob
421 1707 498 1749 rem
522 1687 658 1770 (imnis,
686 1708 765 1750 oum
791 1687 978 1751 seodndae
1000 1708 1061 1751 res
1085 1690 1181 1753 sunt

610 1775 793 1859 maxume,
815 1778 894 1839 tum
917 1776 1086 1840 maxume

210 1861 395 1926 Meditari
415 1881 538 1924 seeum
557 1864 725 1944 oportet,
749 1884 819 1946 quo
839 1865 951 1947 paeto
976 1863 1176 1929 adversam

706 1952 924 2014 aerumnam
947 1950 1085 2015 ferant.

209 2034 373 2117 Periola,
391 2034 526 2098 damna
542 2037 702 2120 peregre
721 2038 873 2102 rediens
888 2040 1035 2121 semper
1048 2059 1178 2105 seeum

935 2126 1087 2211 cogitet

209 2206 286 2272 Aut
321 2206 383 2271 fili
419 2213 619 2292 peoeatum
651 2215 716 2275 aut
747 2214 880 2278 uxoris
915 2216 1075 2278 mortem
1108 2221 1179 2281 aut

767 2302 938 2365 morbum
960 2297 1084 2384 filiae,

210 2381 432 2449 Commdnia
451 2406 533 2450 esse
551 2385 656 2470 haee,
674 2388 826 2471 nequid
844 2388 979 2453 horum
997 2409 1179 2472 umquam

611 2475 764 2539 decidat
786 2476 910 2539 animo
933 2497 1084 2559 novum3

210 2557 398 2643 Quicquid
420 2566 576 2644 praeter
599 2584 701 2644 spem
726 2563 890 2646 eveniat,
920 2584 1027 2628 omne
1050 2563 1089 2628 id
1112 2565 1179 2631 de-

640 2653 777 2733 putare
800 2672 883 2715 esse
905 2649 947 2715 in
968 2651 1085 2717 luoro.

113 2765 155 2828 15
230 2786 319 2872 Ergo
345 2788 408 2854 hoo
435 2788 604 2879 Terentius
632 2813 651 2854 a
680 2790 888 2875 philosophia
911 2795 1078 2876 sumptum
1101 2817 1178 2864 eum

110 2842 231 2938 31tarn
264 2877 430 2942 commode
463 2876 591 2960 dixerit,
622 2900 696 2956 nos,
733 2901 750 2943 e
786 2900 920 2963 quorum
956 2880 1103 2947 fontibus
1143 2885 1179 2950 id

162 2962 315 3027 haustum
348 2968 411 3047 est,
442 2986 508 3030 non
541 2967 573 3029 et
609 2965 748 3031 dicemus
784 2965 846 3031 hoo
882 2967 998 3032 melius
1035 2972 1068 3034 et
1099 2993 1177 3037 oon·

164 3051 302 3114 stantius
326 3051 520 3116 sentiemus?
567 3052 630 3119 Hie
653 3057 702 3119 est
725 3053 811 3117 enim
834 3053 890 3118 ille
912 3054 1021 3120 voltus
1045 3078 1177 3142 semper

163 3136 257 3218 idem,
276 3159 372 3219 quem
390 3139 508 3204 dieitur
523 3139 710 3224 Xanthippe
730 3141 914 3223 praedicare
933 3144 1032 3209 solita
1049 3145 1084 3208 in
1102 3146 1177 3213 viro

163 3245 221 3286 suo
240 3223 340 3289 fuisse
359 3224 533 3310 [Socrate],
552 3227 663 3292 eodem
682 3250 808 3312 semper
821 3251 856 3293 so
869 3230 989 3295 vidisse
1004 3235 1178 3300 exeuntem

162 3311 255 3373 illum
281 3310 377 3377 domo
406 3318 438 3378 et
459 3318 682 3380 revertentem.
726 3314 794 3381 Neo
817 3338 895 3382 vero
922 3339 960 3383 ea
981 3317 1071 3385 frons
1095 3326 1178 3404 erat,

162 3419 244 3482 quae
267 3396 309 3463 M.
333 3397 442 3464 Crassi
463 3402 549 3467 illius
572 3403 702 3486 veteris,
725 3425 820 3487 quem
839 3406 939 3469 semel
964 3405 1011 3471 ait
1030 3406 1066 3471 in
1084 3410 1178 3475 omni

92 3485 229 3634 'rita
247 3486 358 3552 risisse
377 3487 532 3572 Lucilius,
551 3489 607 3554 sed
624 3491 802 3575 tranquilla
822 3494 856 3557 et
873 3512 999 3578 serena;
1022 3491 1070 3558 sie
1088 3496 1179 3562 enim
