2476 3848
511 186 751 251 ..436-

130 341 351 407 vicissitudine
369 363 480 407 comm
497 343 609 408 mundi
626 343 814 408 continuata
826 345 944 408 natura
958 345 1015 407 est.
1042 341 1130 408 Nam

132 433 272 495 exterra
285 451 377 514 aqua,
396 451 434 494 ex
448 452 532 514 aqua
545 430 649 495 oritur
663 436 726 513 a'e'r,
744 452 783 495 ex
796 435 869 494 altre
884 429 1002 514 aether,
1016 429 1131 494 deinde

131 521 309 583 retrorsum
330 517 473 582 vicissim
495 540 534 582 ex
552 518 681 583 aethere
701 523 764 602 a'e'r,
786 517 860 581 inde
879 539 971 600 aqua,
990 538 1029 581 ex
1046 539 1132 602 aqua

132 607 220 669 terra
246 605 366 670 infima.
412 604 464 670 Sic
485 605 611 670 naturis
633 605 699 687 his,
726 604 903 687 exquibus
927 605 1036 669 omnia
1058 626 1132 670 con-

132 694 230 774 stant,
253 713 363 756 sursus
382 692 524 777 deorsus,
541 693 628 757 ultro
647 692 728 757 citro
747 691 1001 757 commeantibus
1020 693 1133 756 mundi

80 791 113 841 85
131 780 274 863 partium
301 780 483 846 coniunctio
510 780 701 845 continetur.
746 778 834 854 Quae
857 783 914 844 aut
935 780 1133 864 sempiterna

133 867 176 932 sit
198 888 327 932 necesse
350 871 400 932 est
421 867 484 932 hoc
506 867 762 950 eodemomatu,
785 888 880 950 quem
896 867 1051 951 videmus,
1074 871 1134 931 aut

132 959 218 1020 certe
235 955 453 1039 perdiuturna,
470 975 662 1038 permanens
677 954 716 1018 ad
735 954 947 1038 longinquum
965 959 999 1019 et
1010 955 1133 1019 inmen—

47 1077 53 1089 ·
132 1063 204 1106 sum
231 1063 332 1125 paene
360 1046 496 1125 tempus.
541 1040 684 1116 Quorum
710 1043 870 1106 utmmvis
892 1046 929 1106 ut
953 1042 1005 1126 sit,
1029 1043 1133 1126 sequi·

132 1132 186 1192 tur
213 1132 331 1192 natura
360 1129 513 1193 mundum
544 1129 771 1193 administrari.
820 1128 908 1205 Quae
935 1130 1022 1194 enim
1051 1130 1133 1194 clas-

134 1216 217 1280 sium
234 1215 400 1299 navigatio
417 1221 474 1281 aut
488 1238 568 1300 quae
582 1217 754 1281 instructio
769 1218 926 1282 exercitus
941 1221 1005 1300 aut,
1019 1238 1131 1282 rursus

132 1307 169 1366 ut
188 1326 234 1387 ea,
257 1325 338 1386 quae
356 1308 473 1369 natura
491 1303 598 1387 efficit,
622 1303 832 1387 conferamus,
855 1326 936 1388 quae
948 1305 1132 1389 procreatio

131 1391 208 1456 vitis
232 1395 288 1455 aut
311 1391 445 1474 arboris,
469 1413 551 1475 quae
572 1413 670 1476 porro
693 1391 867 1456 animantis
884 1391 991 1477 figura
1008 1391 1134 1456 confor-

132 1480 296 1562 matioque
313 1481 530 1544 membrorum
547 1482 675 1543 tantam
689 1482 824 1543 naturae
839 1479 1018 1543 sollertiam
1033 1479 1132 1564 signi-

132 1567 222 1649 ficat,
254 1570 409 1650 quantam
439 1567 509 1650 ipse
541 1566 699 1631 mundus?
743 1566 811 1630 Aut
838 1567 940 1652 igitur
966 1566 1048 1630 nihil
1072 1570 1131 1650 est,

133 1655 218 1736 quod
241 1655 399 1719 sentiente
420 1659 537 1718 natura
558 1658 700 1740 regatur,
722 1657 779 1718 aut
800 1655 954 1718 mundum
971 1654 1042 1740 regi
1059 1675 1132 1718 con-

81 1749 114 1801 86
132 1741 287 1806 fitendum
320 1745 377 1807 est.
421 1740 566 1825 Etenim,
599 1743 654 1826 qui
685 1741 825 1825 reliquas
857 1746 990 1806 naturas
1020 1763 1131 1806 omnes

133 1849 305 1913 earumque
332 1829 455 1893 semina
484 1830 662 1912 contineat,
689 1829 744 1912 qui
767 1832 877 1912 potest
898 1829 968 1913 ipse
988 1850 1056 1894 non
1077 1851 1133 1894 na·

132 1919 207 1980 tura
236 1916 476 1982 administrari?
505 1920 555 2000 ut,
585 1916 614 1979 si
643 1916 698 1999 qui
727 1916 838 1980 dentes
868 1920 901 1980 et
928 1916 1133 2000 pubertatem

131 2006 250 2067 natura
272 2004 357 2067 dicat
380 2004 529 2086 existere,
555 2003 662 2087 ipsum
686 2006 793 2068 autem
815 2003 992 2087 hominem,
1020 2003 1071 2067 cui
1093 2025 1132 2067 ea

133 2090 282 2172 existant,
303 2110 370 2154 non
392 2094 540 2155 constare
561 2094 687 2173 natura,
708 2112 775 2155 non
792 2090 963 2174 intellegat
981 2112 1026 2174 ea,
1049 2112 1131 2174 quae

133 2176 275 2243 ecferant
303 2176 425 2260 aliquid
452 2200 491 2242 ex
517 2199 600 2262 sese,
627 2177 833 2262 perfectiores
855 2179 975 2243 hahere
996 2180 1132 2242 naturas

135 2285 232 2349 quam
255 2285 301 2348 ea,
324 2286 406 2349 quae
429 2265 530 2330 exiis
553 2265 743 2330 ecferantur.

5 2382 8 2388 ’
81 2349 125 2416 34
200 2351 350 2416 Omnium
369 2356 477 2417 autem
495 2375 612 2437 rerum,
631 2375 712 2437 quae
725 2356 842 2418 natura
856 2353 1132 2436 administrantur,

133 2440 309 2506 seminator
343 2444 375 2504 et
409 2444 498 2505 sator
528 2446 562 2506 et
587 2462 715 2525 parens,
747 2444 784 2505 ut
810 2441 858 2505 ita
885 2441 1002 2524 dicam,
1035 2444 1131 2524 atque

134 2528 285 2593 educator
307 2531 340 2592 et
363 2528 448 2593 altor
471 2532 520 2593 est
542 2529 678 2593 mundus
697 2529 867 2612 omniaque
886 2528 969 2593 sicut
986 2529 1133 2593 membra

133 2619 167 2680 et
192 2620 302 2700 partes
328 2637 402 2680 suas
424 2617 606 2681 nutricatur
628 2620 661 2680 et
683 2616 834 2681 continet.
880 2615 1000 2691 Quodsi
1022 2615 1134 2680 mundi

132 2707 243 2788 partes
274 2707 392 2769 natura
423 2704 701 2787 administrantur,
737 2725 866 2769 necesse
898 2707 948 2768 est
978 2703 1133 2767 mundum

132 2790 239 2875 ipsum
257 2795 375 2857 nutura
394 2791 621 2875 administrari,
644 2791 732 2856 cuius
751 2791 879 2875 quidem
893 2791 1131 2856 administratio

132 2879 214 2943 nihil
236 2879 336 2944 habet
358 2880 393 2943 in
415 2901 458 2963 se,
482 2879 567 2963 quod
584 2879 774 2963 reprehendi
791 2879 909 2963 possit3
932 2879 1028 2943 exiis
1047 2878 1133 2944 enim

133 2967 268 3050 naturis,
292 2990 373 3052 quae
397 2971 497 3051 erant,
521 2968 606 3050 quod
624 2967 707 3032 effici
726 2967 885 3051 optimum
902 2967 1018 3051 potuit,
1041 2966 1134 3031 effec-

81 3064 112 3114 ssr
132 3058 203 3118 tum
230 3058 288 3118 est.
332 3055 456 3121 Doceat
484 3076 561 3140 ergo
589 3055 704 3139 aliquis
731 3055 875 3138 potuisse
903 3055 1026 3119 melius.
1071 3051 1134 3118 Sed

132 3163 227 3205 nemo
259 3163 412 3225 umquam
440 3142 579 3225 docebit,
609 3145 642 3206 et
669 3142 697 3206 si
725 3142 796 3226 quis
824 3143 984 3228 corrigere
1011 3141 1134 3225 aliquid

132 3228 233 3310 volet,
264 3231 320 3292 aut
348 3229 486 3295 deterius
512 3229 612 3294 faciet
639 3233 695 3294 aut
717 3230 762 3313 id,
792 3231 878 3313 quod
899 3230 970 3295 fieri
991 3251 1058 3294 non
1078 3252 1134 3314 po-

133 3316 245 3399 tuerit,
276 3315 477 3382 desiderabit.
523 3315 643 3391 Quodsi
673 3339 782 3382 omnes
812 3318 923 3382 mundi
949 3321 1059 3402 partes
1086 3317 1135 3382 ita

171 3404 329 3469 nst'tutae
349 3407 432 3488 sunt,
454 3408 491 3468 ut
510 3426 613 3488 neque
632 3405 674 3471 ad
690 3426 784 3469 usum
802 3406 951 3470 meliores
969 3405 1135 3490 potuerint

61 3418 200 3628 ²*ee
220 3513 328 3579 neque
351 3490 393 3557 ad
415 3493 553 3578 speciem
575 3492 789 3578 pulchriores,
817 3493 997 3579 videamus,
1023 3496 1137 3559 utrum
