2476 3848
535 177 775 241 -474-

234 343 330 414 Quem
348 360 445 419 neque
464 342 536 400 fana
555 341 645 400 deum
662 359 716 400 nee
735 340 864 400 fulmina
882 358 937 399 nec
955 337 1116 399 minitanti

233 433 388 490 Murmure
412 430 588 507 compressit
611 430 742 506 caelum,
765 429 817 488 sed
841 448 875 489 eo
898 428 996 506 magis
1014 446 1120 488 acrem

232 521 344 580 Inritat
367 519 459 580 animi
482 519 640 590 uirtutem,
664 518 822 595 effringere
845 519 882 577 ut
904 519 972 576 arta

232 609 370 668 Naturae
392 609 508 684 primus
531 610 687 682 portarum
710 608 843 666 claustra
865 606 984 682 cupiret
999 653 1004 664 .
1021 651 1050 665 ..

234 697 332 768 Quare
355 697 463 774 religio
486 695 613 772 pedibus
632 696 768 756 subiecta
790 694 924 754 vicissim

234 785 404 863 Opteritur‚
428 803 481 844 nos
505 787 654 860 exaequat
676 784 803 844 victoria
826 785 918 843 eaelo.

212 921 256 986 (is
284 922 388 1003 uirbis
417 921 502 1003 uicit,
531 921 610 1002 ittet
635 921 738 1002 turrea
765 922 836 1002 fort,
867 933 924 986 uer
951 921 1000 1004 iit)
1029 932 1090 987 ooo
1113 922 1165 987 ber

144 1010 338 1091 blitteriurrbt
360 1010 479 1091 totiugi,
502 1010 593 1075 uomit
616 1012 669 1075 beo
692 1010 762 1089 ibeo
786 1011 836 1074 hee
860 1009 988 1091 brusele,
1011 1010 1066 1075 teo
1091 1010 1163 1091 {lieu

145 1100 221 1164 einer
253 1099 395 1178 rubloieo
423 1098 563 1178 resistet
591 1117 625 1178 aa
653 1098 786 1163 trustra.
833 1098 924 1180 licia,
955 1097 1018 1177 iere
1050 1098 1162 1178 Quia:

144 1187 353 1268 ooriteIquqeu
377 1201 434 1252 ooo
456 1188 619 1269 struentes
637 1185 763 1253 corteto
786 1184 922 1266 uielmebr
945 1187 1043 1267 bitteo
1065 1187 1095 1266 io
1121 1189 1163 1269 uit

143 1294 178 1358 51¹
200 1275 386 1356 {obtutitibus
409 1277 468 1340 aab
496 1275 714 1357 uaoutiirlitbao
736 1276 850 1357 tiator
874 1280 998 1355 gersten.
1044 1275 1162 1354 bicisus

144 1366 255 1446 Qubus
268 1365 306 1444 lei
320 1364 487 1445 §iphigenia
503 1365 546 1429 bie
557 1363 761 1444 (iritqeborenr
775 1365 854 1429 eines
868 1363 1024 1445 usofiqeo
1037 1362 1162 1446 iltutus,

144 1472 209 1534 aum
242 1454 336 1536 tipice
369 1454 498 1534 prietes.
545 1456 608 1520 uer
636 1454 731 1528 {ttrite
759 1453 820 1519 eine
848 1451 987 1535 gitdIicie
1014 1452 1163 1535 bussiobrt

144 1556 203 1607 ooo
221 1544 274 1607 bea
288 1542 449 1623 tarnenna
464 1540 590 1608 blittero
603 1560 637 1622 tu
656 1541 799 1623 eruirten,
819 1542 890 1623 bute
908 1558 977 1606 moa
995 1538 1032 1619 iia
1049 1540 1161 1620 ibtobs

143 1630 195 1711 lid)
219 1650 265 1694 um
289 1631 391 1696 illiers
415 1632 549 1711 propiori,
573 1631 627 1694 bus
652 1629 773 1696 uitreis
796 1631 855 1696 aab
879 1629 924 1694 oie
943 1627 1164 1710 fflleuitilidstrit

144 1719 396 1800 uiebetidmbienb
443 1723 575 1781 Tantum
597 1723 704 1800 religio
727 1722 830 1799 potuit
852 1722 979 1781 suadere
1002 1722 1161 1782 malorum.

93 1892 135 1957 16
211 1929 357 2013 Exposui
384 1929 450 1992 fere
478 1950 545 1993 non
571 1928 840 2013 philosophorum
868 1928 1000 2011 iudicia,
1028 1927 1085 1993 sed
1109 1928 1162 1992 de·

90 1996 126 2044 42
145 2019 311 2082 lirantium
340 2017 475 2081 somnia.
521 2014 590 2081 Neo
619 2019 704 2081 enim
732 2018 835 2082 multo
866 2017 1056 2084 absurdiora
1084 2022 1161 2083 sunt

145 2127 192 2187 ea,
216 2126 297 2187 quae
321 2109 490 2187 po'e'tarum
508 2105 642 2169 vocibus
666 2105 739 2170 fusa
761 2106 834 2188 ipsa
857 2105 1020 2171 suavitate
1042 2125 1161 2171 nocue·

144 2194 235 2275 runt,
267 2193 322 2276 qui
350 2197 383 2256 et
409 2193 458 2258 ira
485 2192 704 2259 inflammatos
729 2199 762 2259 et
784 2194 917 2259 libidine
944 2193 1083 2259 furentis
1111 2195 1162 2258 in-

145 2281 304 2346 duxerunt
332 2282 408 2346 deos
435 2281 658 2368 feceruntque,
690 2287 727 2347 ut
756 2304 866 2348 eorum
893 2282 994 2367 bella,
1027 2283 1162 2368 proelis,

144 2390 284 2455 pugnas,
311 2370 446 2434 vulnera
474 2372 668 2456 videremus,
699 2371 772 2435 odia
802 2375 984 2454 praeterea,
1017 2370 1162 2456 discidia,

145 2458 335 2543 discordias,
364 2464 469 2543 ortus,
496 2459 659 2544 interitus,
693 2459 867 2544 querellas,
899 2458 1162 2545 lamentationes,

145 2547 262 2613 effusas
286 2548 320 2611 in
338 2548 427 2612 omni
445 2547 697 2631 intemperantia
715 2548 877 2632 libidines,
900 2547 1068 2627 adulteria,
1092 2549 1162 2613 vin·

146 2638 231 2720 cula,
259 2659 330 2701 oum
358 2637 500 2701 humano
529 2657 644 2720 genere
672 2636 863 2701 concubitus
886 2636 1100 2721 mortalisque
1123 2659 1164 2703 ex

91 2736 127 2786 43
145 2725 313 2790 inmortali
344 2728 539 2809 procreatos.
590 2723 672 2790 Cum
704 2728 874 2808 poetarum
911 2729 1020 2791 autem
1052 2746 1163 2792 errore

147 2814 339 2899 coniungere
372 2813 448 2877 licet
479 2817 629 2896 portenta
659 2833 829 2897 magorum
857 2812 1162 2899 Aegyptiorumque

146 2903 181 2966 in
205 2903 316 2967 eodem
340 2923 456 2987 genere
480 2902 685 2985 dementiam,
707 2906 778 2967 tum
801 2902 901 2967 etiam
923 2902 1014 2986 vulgi
1038 2902 1163 2986 opinio-

146 3013 215 3075 nes,
237 3012 319 3074 quae
337 2990 372 3054 in
390 2991 533 3054 maxima
550 2990 768 3056 inconstantia
785 2989 934 3055 veritatis
953 2990 1163 3076 ignoratione

147 3083 326 3144 versantur.
379 3078 429 3143 Ea
462 3078 518 3162 qui
554 3078 738 3143 consideret
773 3101 870 3164 quam
906 3079 1092 3144 inconsulte
1124 3100 1164 3145 ac

147 3170 268 3231 temere
291 3167 453 3251 dicantur,
479 3168 626 3232 venerari
649 3167 828 3252 Epicurum
856 3171 889 3232 et
916 3168 952 3233 in
979 3188 1093 3233 eorum
1115 3168 1164 3252 ip·

149 3274 258 3319 sorum
281 3277 430 3341 numero,
458 3256 496 3320 de
525 3255 640 3340 quibus
668 3255 748 3321 haec
777 3255 924 3341 quaestio
947 3259 1011 3341 est,
1041 3255 1164 3322 habere

59 3298 272 3537 *debeat
318 3340 414 3409 Solus
434 3345 520 3409 enim
543 3344 627 3409 vidit
649 3344 790 3427 primum
813 3366 884 3410 esse
907 3344 994 3428 deos,
1017 3345 1107 3428 quod
1129 3346 1167 3412 in

71 3502 73 3505 ,
97 3445 111 3486 t
146 3433 292 3498 omnium
317 3432 433 3498 animis
457 3454 568 3498 eorum
590 3434 758 3498 notionem
780 3433 988 3517 inpressisset
1009 3433 1085 3518 ipsa
1106 3456 1166 3499 na·

121 3590 127 3619 ,·
144 3518 227 3589 tura.
275 3519 363 3600 Quae
386 3525 437 3588 est
459 3522 544 3586 enim
566 3542 645 3608 gens
669 3526 727 3587 aut
748 3521 835 3608 quod
857 3542 960 3607 genus
982 3520 1168 3611 hominum,
