2476 3848
539 205 578 215 -
627 169 779 234 366-—

156 332 300 417 plumbei
323 352 447 414 sumus,
470 331 548 414 quin
568 329 651 393 nihil
674 329 717 393 sit
736 329 853 393 animis
872 329 1058 413 admixtum,
1080 331 1168 395 nihil

158 423 356 502 concretum,
372 418 455 483 nihil
474 417 674 501 copulatum,
692 416 774 482 nihil
792 421 1061 502 coagmentatum,
1079 418 1168 483 nihil

157 508 281 590 duplex.
326 505 418 582 Quod
445 528 517 570 cum
545 507 593 570 ita
622 506 677 587 sit,
702 511 787 570 certe
809 526 868 570 nec
892 507 1013 570 secerni
1034 527 1094 570 neo
1117 507 1167 571 di·

157 596 222 659 vidi
245 616 304 660 nec
327 594 465 676 discerpi
487 616 546 658 nec
568 593 706 658 distrahi
728 596 849 677 potest,
878 615 919 657 ne
941 595 1073 657 interire
1095 598 1167 676 qai-

157 685 224 749 dem
257 683 365 766 igitur.
419 681 482 746 Est
513 683 598 746 enim
629 680 779 745 interitus
807 682 899 764 quasi
938 681 1098 746 discessus
1130 687 1168 748 et

158 772 294 836 secretio
325 792 362 835 ac
390 770 565 853 diremptus
594 790 703 833 earum
730 769 885 853 partium,
912 791 993 852 quae
1017 774 1092 833 ante
1114 771 1167 835 in·

157 860 290 923 teritum
311 859 472 923 iunctione
496 857 604 940 aliqua
626 857 829 921 tenebantur.

223 945 283 1010 His
312 950 344 1009 et
377 945 497 1010 talibus
525 945 707 1010 rationibus
740 945 892 1009 adductus
925 942 1073 1010 Socrates
1104 969 1167 1012 nee

158 1039 329 1118 patronum
357 1033 518 1117 quaesivit
540 1033 580 1097 ad
608 1033 761 1097 iudicium
783 1033 900 1116 capitis
922 1055 982 1098 nec
1004 1033 1166 1100 iudicibus

158 1122 292 1204 supplex
305 1121 368 1185 fuit
381 1121 590 1204 adhibuitque
603 1120 738 1186 liberam
752 1122 986 1185 contumaciam
1001 1144 1020 1186 a
1038 1123 1166 1205 magni-

158 1210 267 1274 tudine
299 1210 398 1274 animi
430 1209 571 1292 ductam,
602 1230 669 1272 non
699 1232 719 1273 a
751 1209 917 1293 superbia,
948 1214 981 1274 et
1013 1231 1165 1293 supremo

157 1297 243 1361 vitae
266 1297 316 1361 die
345 1297 384 1361 de
410 1297 473 1361 hoc
500 1298 571 1380 ipso
595 1298 698 1361 multa
721 1296 874 1361 disseruit
896 1300 929 1361 et
952 1299 1063 1381 paucis
1088 1303 1165 1363 ante

158 1384 283 1469 diebus,
311 1406 383 1450 cum
409 1384 502 1448 facile
531 1389 642 1468 posset
665 1385 756 1448 educi
780 1406 796 1448 e
820 1385 979 1469 custodia,
1004 1385 1109 1450 noluit
1131 1391 1166 1451 et

157 1475 225 1536 tum
249 1495 350 1557 paene
372 1473 406 1537 in
429 1494 526 1537 manu
549 1473 615 1537 ianr
638 1472 840 1537 mortiferum
868 1472 947 1538 illud
970 1477 1083 1538 tenens
1106 1496 1164 1556 po-

158 1561 265 1626 culum
288 1561 415 1625 loeutus
434 1561 482 1625 ita
501 1565 563 1645 est,
585 1565 622 1625 ut
639 1583 705 1625 non
723 1561 764 1625 ad
781 1563 919 1625 mortem
936 1562 1032 1645 trudi,
1052 1583 1163 1626 verum

106 1625 192 1750 {din
216 1649 338 1713 caelum
361 1649 521 1714 videretur
542 1649 717 1713 escendere.
752 1646 805 1712 Ita
827 1649 913 1713 enim
936 1650 1085 1714 censebat
1102 1650 1161 1712 ita·

159 1759 220 1821 que
243 1737 407 1814 disseruit,
434 1737 513 1801 duas
538 1759 607 1800 esse
629 1737 699 1801 vias
727 1736 934 1821 duplicesque
959 1757 1068 1801 cursus
1091 1736 1160 1798 ani-

158 1846 284 1890 morum
307 1847 324 1888 e
347 1846 479 1908 corpore
503 1824 730 1888 excedentium.
769 1822 855 1888 Nam
877 1824 931 1909 qui
954 1823 1161 1888 sehumanis

157 1914 246 1976 vitiis
275 1912 582 1977 contaminavissent
609 1917 642 1976 et
670 1934 704 1975 se
731 1916 818 1977 totos
845 1911 1029 1976 libidinibus
1057 1910 1162 1974 dedis·

158 2005 241 2082 sent,
271 2001 387 2083 quibus
412 2000 531 2064 caecati
553 2001 605 2064 vel
628 1998 813 2065 domesticis
836 1999 923 2066 vitiis
950 2001 1047 2082 atque
1070 1999 1164 2084 flagi·

157 2089 213 2150 tiis
237 2108 271 2150 se
293 2086 550 2170 inquinavissent
572 2088 625 2151 vel
648 2110 681 2152 re
706 2089 837 2172 publica
857 2087 1009 2153 violanda
1031 2086 1164 2152 fraudes

159 2175 371 2258 inexpiabiles
403 2176 638 2259 concepissent,
674 2178 713 2240 iis
746 2177 873 2240 devium
904 2176 1066 2260 quoddam
1101 2176 1165 2240 iter

159 2284 241 2345 esse,
265 2263 423 2327 seclusum
444 2285 463 2327 a
486 2264 621 2328 concilio
645 2264 792 2347 deorum3
816 2264 871 2347 qui
894 2266 1003 2329 autem
1026 2285 1060 2328 se
1083 2265 1164 2328 inte-

158 2370 234 2434 gros
258 2355 424 2435 castosque
444 2352 673 2435 servavissent,
697 2352 875 2436 quibusque
899 2351 1013 2416 fuisset
1031 2352 1166 2416 minima

158 2460 231 2503 cunr
254 2440 440 2523 corporibus
465 2441 615 2523 contagio
639 2461 770 2523 seseque
792 2439 831 2503 ab
859 2439 901 2504 iis
925 2461 1051 2523 semper
1074 2462 1165 2505 sevo-

159 2528 321 2592 cavissent
338 2531 507 2611 essentque
530 2529 564 2592 in
584 2528 772 2610 corporibus
796 2527 946 2593 humanis
968 2528 1069 2592 vitam
1092 2529 1164 2590 imi-

158 2616 219 2679 tati
251 2616 395 2697 deorum,
427 2616 468 2680 iis
501 2616 541 2679 ad
569 2616 657 2699 illos,
689 2639 709 2679 a
736 2616 853 2699 quibus
884 2619 991 2680 essent
1017 2614 1165 2699 profecti,

107 2722 139 2769 73
158 2705 296 2767 reditum
314 2703 443 2767 facilem
461 2707 579 2787 patere.
613 2702 728 2787 Itaque
746 2707 983 2786 commemorat,
1001 2706 1038 2765 ut
1056 2705 1166 2787 cygni,

159 2794 301 2875 quinon
325 2791 393 2855 sine
417 2814 514 2855 causa
536 2791 681 2875 Apollini
708 2792 806 2856 dicati
834 2793 912 2873 sint,
940 2790 995 2855 sed
1014 2791 1099 2874 quod
1122 2793 1164 2855 ab

159 2901 195 2943 eo
225 2879 454 2944 divinationem
489 2879 607 2943 habere
640 2880 821 2962 videantur,
853 2901 917 2963 qua
947 2878 1165 2962 providentes,

159 2967 235 3048 quid
262 2968 296 3030 in
319 2972 422 3031 morte
450 2968 526 3032 boni
550 2969 604 3050 sit,
632 2988 704 3031 eum
727 2972 824 3031 cantu
848 2970 880 3031 et
906 2967 1074 3051 voluptate
1097 2988 1165 3030 mo-

159 3054 297 3136 riantur,
325 3056 371 3117 sic
398 3056 547 3119 omnihus
574 3055 667 3119 bonis
695 3059 728 3118 et
755 3055 858 3119 doctis
882 3075 952 3119 esse
975 3055 1166 3120 faciendum.

159 3139 226 3204 Nec
245 3163 320 3204 vero
339 3142 458 3207 dehoc
481 3143 650 3226 quisquam
674 3142 821 3207 dubitare
844 3146 970 3226 posset,
993 3143 1056 3206 nisi
1079 3142 1165 3206 idem

158 3228 251 3291 nohis
271 3228 429 3294 accideret
447 3230 618 3315 diligenter
636 3231 675 3294 de
693 3231 800 3296 animo
820 3231 1056 3315 cogitantibus,
1079 3230 1165 3312 quod

158 3315 198 3379 iis
223 3336 318 3398 saepe
341 3339 401 3381 usu
424 3320 525 3402 venit,
549 3319 603 3402 qui
631 3316 731 3402 [oum]
755 3319 871 3383 aeriter
893 3318 995 3384 oculis
1019 3316 1165 3380 deficien-

158 3409 225 3468 tem
240 3403 341 3468 solem
355 3405 565 3490 intuerentur,
583 3411 619 3470 ut
633 3410 798 3489 aspectum
817 3406 947 3472 omnino
962 3404 1164 3487 amitterent,

92 3478 205 3626 'ric
218 3493 335 3557 mentis
351 3493 436 3558 acies
452 3515 485 3558 se
504 3496 577 3578 ipsa
594 3495 723 3558 intuens
736 3516 803 3558 non
820 3514 996 3578 numquam
1009 3491 1166 3576 hebescit,
