2476 3848
507 173 749 239 -548-

132 334 169 413 Ῑδε
187 332 311 416 gttctiq
330 332 429 415 διεῖδε.
462 334 512 414 Sit
531 342 561 399 es
581 333 649 399 εδεῖ
667 331 741 414 nicht
760 334 896 415 εἰεδῖῖεδῖ
910 336 959 400 δεῖ
978 334 1084 416 <aceio
1099 337 1149 401 δεῖ

132 422 338 504 (δεῖεεδδίεδείδ,
362 422 478 502 waldet
501 422 594 502 δίεἱεῖι
617 423 733 489 antaee
756 424 906 504 δεῖῐεδῖδῑδ,
929 425 988 489 unt
1008 426 1080 489 mitt
1100 425 1151 491 δἐῖ

133 511 264 592 detenta
286 510 358 593 nicht
381 510 518 590 δίεῑῖῖεδῖ
535 511 701 592 nostratia
721 511 788 594 ἱείῖῖ,
812 525 897 578 menn
920 531 950 577 εῖ
968 513 1022 578 δεῖ
1041 512 1149 594 &stein

133 618 221 680 gagen
247 599 295 679 litt
326 600 397 681 δεδδ
441 598 514 664 aas
544 600 686 678 tssuntcr,
717 599 774 678 δῖδ
807 619 876 665 mun
907 602 952 666 δίε
979 602 1079 682 filiorm
1107 603 1149 667 im

132 690 237 756 διεῖδε
264 687 319 753 mit
352 690 402 753 δεῖ
428 686 666 769 Πῖεεῖεεδῖίεδεὶῖ
698 688 832 769 curpett.
878 693 973 753 Nulla
1001 697 1053 768 ,est
1084 697 1150 754 tam

133 781 229 840 stulta
251 780 368 857 civitae,
391 799 467 856 quae
491 799 550 839 non
573 780 684 839 iniuste
703 781 850 856 imperare
868 782 956 840 malit
978 801 1069 859 quam
1088 801 1148 842 sar-

132 869 197 930 vire
210 863 455 944 iusta—thieto
465 864 607 946 apologie
617 865 667 928 δεε
682 865 805 946 mutent
819 866 878 930 unt
893 866 942 930 δεῖ
951 866 1149 948 Πῖεεῖεεδῖίεε

133 954 184 1020 tut
203 954 273 1034 δεδῖ
285 953 404 1018 §Boetius
424 953 479 1018 δῖε
498 953 594 1033 erotus,
612 953 859 1035 noneruntettiqe
878 952 963 1034 δδεεδῖ
982 956 1149 1035 nepenthes,

132 1042 247 1122 δεεδεδεδ
263 1060 296 1106 ετ·
306 1041 437 1119 δεῖδείεῖδ
451 1042 498 1105 εδδ
511 1048 595 1104 recta
609 1046 688 1104 ratio
702 1048 829 1105 naturae
844 1065 1019 1124 congruens,
1039 1047 1150 1114 diffusa

132 1134 164 1192 in
188 1152 300 1212 omnes,
322 1135 475 1207 constans,
503 1133 699 1211 sempiterna,
727 1153 805 1211 quaa
832 1138 920 1195 vocet
948 1135 986 1193 ad
1015 1135 1150 1194 officium

133 1222 271 1294 iubendo,
290 1222 421 1281 vetando
441 1241 459 1280 a
476 1222 582 1281 haudo
602 1222 753 1308 deterreat
771 1220 830 1284 εδδ
850 1219 922 1300 ohne
937 1218 1052 1300 mattheh
1071 1220 1148 1285 teins

132 1309 278 1372 δεῖεῖῖδε
302 1304 402 1387 tileth
424 1306 490 1388 ῖῖεεδ
514 1306 604 1387 [oinct
626 1293 833 1387 ucecensis
856 1306 973 1388 ειδεδίεδ
996 1308 1037 1388 qt.

560 1466 720 1474 n—-—-—

105 1522 121 1584 1

103 1625 116 1672 ,
206 1568 284 1636 (δεῖνι
307 1591 411 1636 omues
436 1572 607 1654 fluprareat
633 1571 807 1654 eupiditate
836 1570 998 1653 audiendi,
1026 1545 1151 1655 ingres·

138 1679 192 1723 sus
216 1663 266 1724 est
289 1660 335 1725 sic
358 1660 450 1744 loqui
474 1657 596 1744 Scipio:
621 1656 756 1724 Catonis
775 1659 837 1724 hoc
857 1659 942 1724 senis
962 1663 1021 1743 est,
1045 1680 1151 1743 quem,

137 1749 175 1811 ut
212 1748 320 1832 scitis,
356 1749 451 1813 unice
488 1747 587 1812 dilexi
622 1747 826 1831 maximeque
864 1769 936 1812 sum
973 1747 1151 1812 admiratus

138 1836 251 1918 cuique
287 1837 339 1901 vel
371 1836 476 1921 patris
507 1837 674 1920 utriusque
707 1835 825 1901 iudicio
858 1837 911 1899 vel
944 1836 1043 1900 etiam
1078 1857 1150 1901 meo

138 1924 245 1988 studio
278 1946 330 1989 me
362 1928 468 1989 totum
498 1924 539 1988 ab
573 1924 793 1989 adulescentia
825 1923 944 2007 dedidi3
976 1923 1065 1988 ouius
1099 1947 1151 1989 me

136 2033 313 2095 numquam
338 2013 456 2076 satiare
474 2012 585 2095 potuit
603 2012 722 2076 oratio:
746 2014 857 2077 tantus
876 2013 998 2077 eratin
1018 2011 1151 2077 homine

137 2120 215 2163 usus
238 2101 286 2164 rei
308 2100 469 2184 publicae,
493 2121 589 2183 quam
613 2103 646 2164 εδ
669 2099 758 2164 domi
782 2104 814 2164 et
837 2100 974 2165 militiae
998 2122 1071 2164 oum
1095 2122 1151 2183 op·

135 2187 229 2270 time,
264 2191 333 2252 tum
367 2187 465 2252 etiam
498 2187 679 2253 diutissime
712 2193 871 2273 gesserat,
909 2194 942 2254 εδ
973 2189 1087 2253 modus
1116 2189 1152 2253 in

136 2274 269 2340 dicendo
302 2280 336 2340 εδ
367 2277 529 2360 gravitate
562 2276 683 2342 mixtus
721 2279 810 2361 lepos
841 2281 874 2341 εδ
906 2299 1067 2343 summum
1099 2280 1152 2343 vel

137 2363 281 2428 discendi
318 2364 461 2430 studium
498 2365 547 2431 vel
585 2365 719 2430 docendi
757 2370 789 2430 et
822 2366 963 2431 orationi
994 2366 1063 2431 vita
1096 2367 1152 2430 ad-

104 2453 270 2518 amodum
294 2474 484 2538 congruens.
520 2454 552 2518 Is
577 2454 681 2519 dicere
705 2455 833 2518 solebat
855 2454 897 2519 ob
916 2454 1001 2519 hanc
1019 2475 1152 2519 oausam

137 2545 302 2624 praestare
325 2546 458 2607 nostrae
487 2542 629 2608 civitatis
659 2546 782 2607 statum
810 2543 925 2608 ceteris
954 2542 1152 2628 civitatibus,

138 2630 224 2712 quod
246 2632 280 2695 in
304 2631 372 2695 illis
397 2630 518 2715 singuli
541 2629 682 2695 luissent
709 2630 790 2713 iere,
820 2632 990 2715 quisnam
1016 2631 1152 2714 quisque

136 2739 206 2781 rem
237 2720 399 2803 publicam
433 2719 677 2784 constituissent
705 2720 833 2804 legibus
862 2723 960 2804 atque
988 2719 1151 2784 institutis

138 2806 217 2891 suis,
245 2810 284 2871 ut
312 2806 442 2872 Oretum
470 2807 593 2891 Minos,
623 2807 952 2872 Lacedaemoniorum
975 2807 1153 2893 Lycurgus,

137 2893 400 2978 Atheniensium,
432 2917 513 2979 quae
540 2917 694 2980 persaepe
723 2899 922 2961 commutata
949 2899 1050 2979 esset,
1081 2901 1154 2961 tum

138 2981 298 3069 Theseus,
321 2988 392 3049 tum
415 2983 535 3069 Draco,
557 2988 628 3049 tum
652 2981 742 3067 Solo,
766 2988 836 3049 tum
860 2982 1057 3069 Clisthenes,
1081 2988 1154 3050 tum

137 3070 235 3134 multi
272 3073 344 3157 alii,
384 3077 550 3157 postremo
588 3094 783 3157 exsanguem
820 3073 886 3137 iam
923 3075 956 3136 et
992 3072 1153 3139 iacentem

139 3156 251 3223 doctus
280 3160 330 3225 vir
357 3160 534 3226 Phalereus
567 3164 783 3226 sustentasset
808 3161 1009 3245 Demetrius,
1040 3166 1154 3227 nostra

139 3249 248 3309 autem
284 3270 335 3312 res
372 3249 502 3333 publica
543 3272 610 3315 non
648 3251 743 3314 unius
786 3254 872 3315 esset
908 3250 1056 3336 ingenio,
1097 3251 1154 3316 sed

173 3335 329 3421 ultorum,
359 3359 418 3402 nec
451 3359 517 3402 una
548 3338 689 3403 hominis
720 3338 801 3421 vita,
836 3338 893 3403 sed
923 3339 1049 3423 aliquot
1080 3360 1156 3404 con·

79 3471 81 3476 .
175 3421 257 3488 'tuta
286 3425 423 3490 sacculis
454 3430 487 3490 et
515 3427 686 3492 aetatibus.
731 3425 817 3491 Nam
844 3447 948 3512 neque
974 3428 1079 3492 ullum
1105 3428 1154 3492 in·

99 3499 119 3576 l
169 3511 263 3579 nium
290 3516 419 3582 tantum
445 3513 591 3582 extitisse
619 3515 760 3600 dicebat,
788 3519 839 3601 ut,
866 3536 960 3599 quem
988 3537 1040 3580 res
1062 3517 1156 3581 nulla
