2476 3848
540 160 780 226 -218-

155 320 252 404 cipes,
270 340 342 384 oum
361 317 477 401 quibus
495 336 608 381 causas
627 314 780 400 cognovit
799 317 965 398 eteorum,
983 313 1039 399 qui
1053 314 1160 379 aliena

155 407 323 489 tenebant,
355 409 388 470 et
415 426 539 485 eorum,
571 403 626 487 qui
653 424 712 467 sua
739 403 930 487 amiserant,
961 401 1159 487 perfecitque

156 493 374 559 aestumandis
400 491 676 576 possessionibus,
703 493 741 556 ut
767 490 976 575 persuaderet
1003 490 1090 575 aliis,
1123 494 1159 555 ut

154 583 323 667 pecuniam
355 580 497 664 accipere
527 580 677 661 mallent,
712 579 970 663 possessionibus
1002 578 1159 661 cederent,

156 671 238 753 aliis,
255 674 293 735 ut
311 668 510 735 commodius
528 670 682 752 putarent
698 667 862 731 numerari
880 666 952 750 sibi,
971 667 1057 750 quod
1073 666 1160 730 tanti

156 763 255 842 esset,
284 779 381 841 quam
404 777 497 820 suum
518 776 716 838 recuperare.
759 753 812 820 Ita
834 754 1013 840 perfectum
1036 757 1100 838 est,
1122 758 1160 819 ut

156 867 267 912 omnes
291 843 460 910 concordia
482 842 661 907 constituta
686 843 755 906 sine
783 843 927 926 querella
952 842 1159 906 discederent.

102 949 137 1000 83
156 935 183 1000 0
201 935 307 998 virum
325 951 479 1017 magnum
499 931 704 1015 dignumque,
723 929 830 1014 quiin
847 953 882 996 re
900 931 1031 1015 publica
1045 934 1160 995 nostra

154 1025 253 1086 natus
277 1021 376 1085 esset!
423 1016 475 1083 Sic
497 1041 557 1103 par
580 1022 630 1082 est
652 1039 748 1104 agere
772 1040 844 1083 cum
867 1019 1003 1101 civibus,
1025 1040 1100 1101 non,
1123 1022 1160 1083 ut

155 1110 206 1173 bis
224 1109 290 1173 iam
307 1107 455 1189 vidimus
472 1106 603 1171 hastam
620 1106 655 1170 in
671 1105 743 1170 foro
762 1127 880 1191 ponere
895 1110 927 1170 et
942 1107 1026 1171 bona
1040 1106 1160 1171 civium

154 1196 227 1263 voci
250 1195 393 1260 subicere
411 1194 587 1279 praeconis.
621 1193 668 1258 At
685 1193 742 1258 ille
761 1193 911 1278 Graecus,
932 1194 965 1257 id
988 1194 1075 1278 quod
1096 1194 1160 1259 fuit

156 1284 311 1369 sapientis
331 1286 364 1353 et
382 1282 579 1369 praestantis
597 1281 669 1365 viri,
692 1281 841 1346 omnibus
860 1281 1090 1348 consulendum
1103 1306 1161 1367 pu·

155 1372 253 1450 tavit,
281 1393 381 1455 eaque
404 1374 454 1435 est
477 1393 603 1435 summa
625 1369 709 1435 ratio
733 1373 766 1434 et
790 1370 949 1454 sapientia
970 1370 1049 1434 boni
1070 1370 1160 1455 civis,

156 1460 324 1526 commoda
346 1459 463 1524 civium
484 1479 550 1523 non
572 1458 725 1524 divellere
747 1462 845 1541 atque
868 1458 972 1523 omnis
996 1459 1160 1542 aequitate

156 1549 268 1613 eadem
299 1548 470 1613 continere.
518 1545 677 1612 Habitent
708 1547 812 1632 gratis
843 1546 879 1610 in
909 1547 1023 1611 alieno.
1075 1545 1160 1621 Quid

137 1670 138 1675 ¹
155 1637 224 1702 ita?
243 1640 289 1715 ut,
307 1659 380 1702 oum
394 1657 454 1720 ego
469 1635 610 1718 emerim,
624 1635 829 1718 aedificarim,
846 1637 947 1718 tuear,
965 1635 1160 1719 impendam,

155 1728 193 1790 tu
219 1747 270 1789 me
298 1724 402 1789 invito
429 1723 539 1787 fruare
566 1724 660 1787 meo?
706 1721 790 1798 Quid
817 1726 866 1787 est
893 1723 982 1787 aliud
1004 1723 1077 1787 aliis
1100 1744 1160 1787 sua

102 1825 138 1876 84
155 1813 292 1897 eripere,
316 1812 389 1876 aliis
414 1811 489 1874 dare
512 1810 642 1875 aliena?
688 1810 833 1875 Tabulae
854 1832 932 1875 vero
955 1832 1058 1875 novae
1082 1811 1160 1895 quid

155 1901 276 1965 habent
299 1898 490 1983 argumenti,
512 1897 576 1962 nisi
598 1901 635 1962 ut
658 1920 746 1963 emas
769 1921 841 1963 mea
862 1899 998 1983 pecunia
1014 1898 1160 1983 fimdum,

103 1987 229 2052 2leum
252 1990 289 2050 tu
310 1987 445 2069 habeas,
473 2005 533 2069 ego
560 2006 626 2049 non
652 1986 790 2051 habeam
817 1987 1008 2072 pecuniam?
1054 1985 1158 2061 Quam

156 2075 197 2139 ob
220 2096 292 2138 rem
313 2095 353 2138 ne
377 2074 420 2138 sit
443 2095 496 2137 aes
520 2073 669 2156 alienum,
693 2074 778 2158 quod
800 2075 847 2139 rei
868 2075 1018 2159 publicae
1035 2078 1160 2158 noceat,

155 2160 387 2247 providendum
405 2164 463 2244 est,
483 2161 568 2244 quod
586 2162 698 2226 multis
716 2163 896 2227 rationibus
916 2163 1023 2228 caveri
1040 2166 1159 2246 potest,

155 2272 232 2333 non,
257 2249 285 2313 si
306 2249 417 2333 fuerit,
444 2252 481 2312 ut
503 2249 681 2333 locupletes
705 2271 798 2315 suum
820 2251 971 2336 perdant,
996 2250 1157 2316 debitores

154 2339 319 2403 lucrentur
338 2337 492 2419 alienum;
513 2357 572 2401 nec
591 2337 676 2402 enim
693 2338 762 2403 ulla
779 2359 831 2403 res
849 2339 1070 2404 vehementius
1088 2361 1159 2403 rem

155 2427 318 2512 publicam
341 2425 484 2491 continet
508 2447 604 2509 quam
626 2426 716 2510 fides,
738 2448 820 2510 quae
843 2449 912 2492 esse
929 2427 1022 2491 nulla
1039 2430 1159 2510 potest,

154 2515 218 2580 nisi
241 2514 303 2579 erit
323 2514 505 2579 necessaria
528 2513 647 2579 solutio
675 2537 783 2579 rerum
811 2515 1013 2580 creditarum.
1058 2513 1159 2579 Num·

155 2626 252 2688 quam
278 2602 500 2668 vehementius
528 2605 638 2667 actum
664 2606 714 2667 est
742 2624 837 2686 quam
864 2624 916 2666 me
943 2603 1087 2686 consule,
1116 2624 1158 2667 ne

155 2693 346 2775 solveretur3
370 2691 468 2756 armis
492 2693 524 2754 et
547 2691 663 2754 castris
685 2693 847 2776 temptata
868 2711 920 2755 res
939 2694 989 2755 est
1007 2691 1048 2755 ab
1070 2691 1159 2756 omni

154 2801 271 2866 genere
292 2778 460 2843 hominum
483 2781 516 2842 et
539 2778 663 2861 ordine,
687 2779 802 2861 quibus
825 2778 873 2843 ita
895 2779 1014 2862 restiti,
1037 2782 1075 2842 ut
1096 2779 1159 2844 hoc

154 2871 261 2932 totum
293 2868 415 2932 malum
447 2866 485 2930 de
516 2886 551 2930 re
582 2866 713 2950 publica
743 2867 921 2931 tolleretur.
970 2865 1158 2951 Numquam

153 2977 212 3019 nec
240 2954 343 3019 maius
372 2976 425 3019 aes
454 2953 594 3018 alienum
621 2954 684 3018 fuit
710 2975 769 3019 nec
800 2955 915 3020 melius
942 2976 1001 3021 nec
1029 2955 1158 3020 facilius

155 3041 348 3105 dissolutum
372 3045 435 3124 est;
461 3041 632 3106 fraudandi
659 3043 745 3106 enim
772 3065 828 3127 spe
856 3043 986 3108 sublata
1013 3043 1160 3108 solvendi

153 3129 329 3194 necessitas
362 3134 534 3194 consecuta
567 3134 625 3195 est.
674 3130 721 3194 At
752 3152 828 3196 vero
855 3131 908 3197 hic
934 3154 1019 3197 nunc
1045 3131 1159 3216 victor,

154 3219 224 3281 tum
252 3217 381 3300 quidem
406 3219 512 3283 victus
545 3240 626 3302 quae
649 3219 823 3305 cogitarat,
851 3242 889 3285 ea
911 3219 1058 3303 perfecit,
1085 3242 1160 3286 cum

154 3304 222 3368 eius
240 3305 306 3368 iam
323 3305 406 3368 nihil
424 3305 604 3372 interesset.
641 3306 747 3372 Tanta
764 3308 799 3371 in
821 3329 858 3373 eo
882 3308 1035 3392 peccandi
1056 3307 1160 3373 libido

152 3391 228 3476 fuit,
256 3396 293 3457 ut
314 3392 377 3459 hoc
402 3393 511 3478 ipsum
538 3417 611 3460 eum
639 3394 827 3480 delectaret,
855 3418 1002 3480 peccare,
1030 3396 1161 3462 etiamsi

101 3493 134 3544 sa
154 3502 252 3547 causa
278 3503 345 3548 non
372 3485 466 3547 esset.
510 3481 564 3548 Ab
590 3482 653 3550 boc
681 3484 784 3569 igitur
815 3504 932 3568 genere
963 3484 1162 3569 largitionis,

71 3556 94 3634 Ι
