2476 3848
473 184 713 250 -287—

89 345 160 413 bus.
193 342 279 419 Quas
294 345 323 408 si
336 345 450 428 exequi
462 345 638 429 nequirem,
656 349 767 410 tamen
784 367 836 411 me
852 346 991 411 lectulus
1005 368 1096 412 meus

90 433 269 498 oblectaret
297 454 335 496 ea
361 432 434 516 ipsa
462 434 677 519 cogitantem,
706 455 787 518 quae
813 434 879 498 iam
907 455 1004 520 agere
1029 456 1096 499 non

89 542 232 606 possem,
256 520 312 584 sed
334 523 371 584 ut
392 521 525 605 possim,
546 521 626 586 facit
645 524 719 586 acta
741 521 819 586 vita.
855 520 988 605 Semper
1011 522 1096 586 enirn

89 610 124 672 in
150 608 202 671 his
235 608 350 672 studiis
381 608 612 693 laboribusque
642 608 765 674 viventi
796 631 862 673 non
892 609 1097 695 intellegitur

91 696 218 780 quando
242 696 378 780 obrepat
401 700 557 761 senectus.
592 697 646 761 Ita
664 697 784 761 sensim
802 697 872 761 sine
891 719 987 762 sensu
1005 702 1095 762 aetas

91 784 229 848 senescit
255 805 314 848 nec
341 783 449 848 subito
472 783 648 869 frangitur,
678 785 735 850 sed
758 785 971 849 diuturnitate
995 785 1096 849 extin-

91 876 308 1041 gllltdilinitur
335 959 433 1023 tertia
460 958 656 1043 vituperatio
684 961 873 1044 senectutis,
907 960 993 1044 quod
1024 982 1095 1026 eam
1107 932 1148 1058 ¹3}

91 1068 199 1111 carere
218 1047 328 1110 dicunt
346 1047 579 1130 voluptatibus.
616 1046 643 1112 0
662 1049 864 1131 praeclarum
878 1071 994 1113 munus
1009 1052 1095 1113 aeta-

90 1135 148 1217 tis,
176 1134 334 1216 siquidem
360 1134 394 1198 id
422 1133 527 1198 aufert
555 1156 574 1198 a
599 1134 709 1219 nobie,
737 1135 823 1219 quod
850 1139 900 1200 est
927 1137 962 1200 in
988 1137 1096 1201 adule-

92 1222 214 1286 scentia
241 1221 499 1287 vitiosissimum!
544 1220 690 1305 Accipite
718 1223 816 1305 enim,
847 1224 963 1307 optimi
990 1224 1096 1289 adule-

92 1313 226 1391 scentes,
248 1313 391 1373 veterem
414 1310 593 1375 orationem
607 1308 772 1393 Archytae
786 1310 961 1393 Tarentini,
985 1311 1097 1396 magni

90 1397 126 1460 in
147 1396 261 1481 primis
281 1401 314 1462 et
331 1398 490 1481 praeclari
508 1397 578 1479 viri,
602 1419 683 1480 quae
702 1398 783 1461 mihi
801 1398 923 1461 tradita
942 1402 1000 1481 est,
1023 1421 1097 1462 cum

92 1506 196 1548 essem
227 1485 413 1549 adulescens
441 1485 573 1549 Tarenti
603 1507 676 1549 cum
704 1482 740 1559 Q.
766 1484 916 1550 Maximo.
961 1484 1096 1549 Nullam

93 1572 316 1655 capitaliorem
338 1576 464 1657 pestem
487 1594 584 1656 quam
606 1572 810 1656 voluptatem
832 1573 976 1656 corporis
994 1573 1096 1637 homi·

91 1661 186 1724 nibus
210 1660 336 1724 dicebat
360 1683 379 1725 a
396 1664 514 1724 natura
534 1660 653 1744 datam,
677 1660 766 1725 ouius
784 1660 963 1744 voluptatis
983 1660 1095 1725 avidae

92 1748 241 1812 libidines
263 1752 384 1812 temere
411 1753 444 1812 et
467 1747 626 1812 ecfrenate
650 1748 691 1812 ad
714 1747 905 1832 potiendum
925 1748 1096 1812 incitaren-

91 1840 153 1900 tur.
189 1835 273 1900 Hinc
296 1836 421 1919 patriae
443 1836 652 1919 proditiones,
674 1835 749 1900 hinc
767 1836 1096 1920 rerumpublicarum
1114 1852 1148 1902 4ο

93 1923 287 2004 eversiones,
319 1921 394 1988 hinc
426 1945 498 1987 oum
529 1923 678 1988 hostibus
707 1924 907 1989 clandestina
934 1924 1097 2007 colloquia

92 2012 194 2095 nasci,
220 2012 347 2075 nullum
370 2011 504 2094 denique
528 2012 646 2095 scelus,
671 2013 799 2076 nullum
827 2013 947 2077 malum
971 2011 1096 2076 facinus

93 2121 177 2181 esse,
206 2099 246 2162 ad
270 2099 355 2181 quod
377 2099 615 2182 suscipiendum
636 2122 702 2165 non
724 2101 825 2164 libido
848 2100 1027 2184 voluptatis
1050 2100 1097 2163 in·

91 2187 239 2270 pelleret,
267 2190 380 2270 stupra
402 2208 478 2251 vero
502 2191 535 2250 et
558 2188 716 2252 adulteria
738 2192 771 2252 et
794 2210 888 2253 omne
910 2189 977 2252 tale
1004 2187 1096 2273 flagi·

91 2274 174 2337 tium
205 2274 304 2337 nullis
337 2274 471 2338 excitari
503 2274 575 2337 aliis
607 2274 777 2339 inlecebris
808 2276 872 2339 nisi
903 2275 1096 2359 voluptatis3

92 2384 228 2444 eumque
246 2361 370 2426 homini
388 2362 455 2426 sive
474 2365 591 2425 natura
609 2361 676 2425 sive
700 2362 772 2445 quis
792 2363 868 2427 deus
887 2362 969 2426 nihil
989 2367 1097 2427 mente

92 2449 321 2534 praestabilius
341 2449 490 2532 dedisset,
508 2448 583 2513 huic
602 2449 709 2512 divino
725 2450 850 2513 muneri
864 2472 901 2514 ac
915 2450 999 2513 dono
1013 2450 1096 2513 nihil

92 2542 162 2601 tam
185 2559 254 2602 esse
277 2536 442 2601 inimicum
465 2559 562 2620 quam
584 2536 800 2619 voluptatem3
825 2557 885 2600 nec
912 2536 997 2600 enim
1024 2536 1096 2599 libi·
1114 2551 1148 2600 41

92 2625 166 2688 dine
194 2625 379 2690 dominante
406 2624 639 2708 temperantiae
662 2624 768 2688 locum
792 2645 875 2706 esse,
904 2643 1008 2704 neque
1031 2643 1097 2686 om·

91 2712 169 2776 nino
201 2713 236 2776 in
266 2713 444 2797 voluptatis
476 2733 576 2796 regno
608 2711 762 2775 virtutem
789 2731 884 2795 posse
912 2709 1096 2774 consistere.
1190 2792 1192 2798 ἢ

93 2799 185 2874 Quod
209 2822 272 2884 quo
295 2800 400 2884 magis
423 2800 570 2885 intellegi
592 2803 712 2885 posset,
734 2799 856 2884 fingere
879 2796 986 2861 animo
1009 2796 1097 2860 iube·

93 2888 152 2950 bat
169 2891 263 2952 tanta
278 2887 449 2952 incitatum
465 2888 606 2971 aliquem
620 2888 788 2970 voluptate
803 2884 956 2968 corporis,
976 2888 1098 2968 quanta

93 2973 216 3057 percipi
238 2979 349 3060 posset
371 2975 526 3058 maxima3
548 2975 669 3038 nemini
692 2974 843 3038 censebat
864 2972 935 3037 fore
956 2972 1097 3058 dubium,

93 3061 262 3144 quintam
285 3064 348 3146 diu,
374 3063 449 3127 dum
471 3063 519 3126 ita
542 3062 705 3145 gauderet,
727 3061 808 3125 nihil
833 3060 958 3146 agitare
981 3065 1097 3146 mente,

91 3150 175 3214 nihil
198 3151 333 3234 ratione,
355 3151 438 3215 nihil
462 3149 658 3234 cogitatione
684 3149 836 3233 consequi
858 3151 978 3233 posset.
1015 3147 1098 3224 Quo-

93 3238 178 3303 circa
208 3239 291 3302 nihil
323 3260 393 3302 esse
424 3242 494 3303 tam
525 3237 716 3302 detestabile
748 3240 880 3321 tamque
907 3237 1097 3321 pestiferum

93 3349 191 3410 quam
209 3327 420 3410 voluptatem,
440 3325 597 3408 siquidem
616 3346 662 3404 ea,
681 3348 752 3390 oum
772 3326 877 3391 maior
895 3329 980 3390 esset
1000 3329 1097 3408 atque

92 3413 310 3499 longinquior,
329 3436 423 3478 omne
438 3413 537 3478 animi
551 3414 659 3478 lumen
674 3413 885 3499 extingueret.
916 3412 1006 3479 Haec
1024 3436 1097 3478 cum

92 3499 129 3567 0.
145 3501 263 3567 Pontio
283 3500 437 3588 Samnite,
459 3504 552 3587 patre
575 3501 652 3588 eius,
675 3524 781 3586 aquo
805 3500 949 3567 Caudino
971 3501 1097 3587 proelio
