2476 3848
476 147 716 211 -437-

12 349 14 353 ν
91 308 250 373 humanus
283 312 391 373 autem
424 309 549 372 animus
581 307 748 390 decerptus
781 330 819 371 ex
852 312 958 371 mente
987 307 1097 373 divina

93 418 165 460 oum
185 396 248 460 alio
266 396 357 461 nullo
375 396 441 460 nisi
460 416 531 460 oum
549 395 620 478 ipso
640 394 712 478 deo,
735 395 763 458 si
782 394 843 458 hoo
861 395 912 459 fas
931 398 981 459 est
999 395 1096 479 dictu,

92 485 272 566 comparari
298 488 416 566 potest
465 482 528 548 Hie
555 484 655 567 igitur
683 482 712 546 si
739 486 789 546 est
816 483 973 564 exoultus,
1005 488 1037 547 et
1068 485 1096 548 si
1114 495 1148 544 39

93 572 160 635 eius
185 571 268 635 acies
296 572 343 636 ita
365 575 477 636 curata
499 574 562 655 est,
588 574 625 635 ut
650 591 691 635 ne
719 574 902 634 caecaretur
925 571 1096 649 erroribus,

92 660 129 722 fit
160 658 303 742 perfecta
335 680 439 742 mens,
469 659 502 722 id
534 661 584 722 est
616 659 765 723 absoluta
795 657 897 736 ratio,
930 658 1015 742 quod
1047 662 1096 722 est

91 747 176 810 idem
198 747 309 812 virtus.
344 746 402 831 Et,
425 746 453 810 si
472 768 566 811 omne
588 747 719 810 beatum
737 749 799 830 est,
821 746 874 811 oui
893 745 976 810 nihil
999 745 1096 830 deest,

92 839 125 897 et
147 834 232 917 quod
254 835 288 898 iu
308 856 366 899 suo
390 855 506 918 genere
525 834 688 917 expletum
707 837 803 917 atque
822 835 1019 898 cumulatum
1037 836 1095 916 est,

91 922 334 1004 idque·virtutis
354 925 404 986 est
425 922 603 1005 proprium,
626 926 710 987 oerte
730 942 840 986 omnes
863 921 992 985 virtutis
1011 943 1095 985 oom-

92 1015 184 1091 potes
215 1009 302 1074 beati
332 1012 415 1074 sunt.
467 1009 511 1073 Et
541 1009 603 1074 hoo
631 1009 759 1092 quidem
786 1009 867 1073 mihi
894 1030 965 1073 oum
992 1008 1095 1073 Bruto

93 1097 256 1176 convenit,
278 1097 312 1161 id
329 1100 380 1162 est
397 1118 469 1161 oum
486 1097 676 1175 Aristotele,
694 1096 886 1180 Xenocrate,
907 1095 1097 1180 Speusippo,

91 1183 274 1249 Polemone.
311 1182 374 1249 Sed
392 1184 473 1248 mihi
493 1185 642 1248 videntur
664 1185 764 1247 etiam
786 1185 975 1248 beatissimi.
1013 1184 1095 1260 Quid
1114 1195 1148 1243 4ο

93 1272 177 1335 enim
205 1273 294 1337 deest
321 1272 361 1336 ad
388 1273 482 1336 beate
509 1271 679 1335 vivendum
707 1272 749 1354 ei,
780 1272 835 1355 qui
867 1273 998 1336 confidit
1031 1273 1096 1336 suis

92 1359 208 1423 bonis?
236 1363 304 1443 aut,
332 1360 387 1444 qui
410 1360 539 1441 diffidit,
567 1358 680 1422 beatus
705 1380 774 1422 esse
798 1359 853 1441 qui
875 1358 1005 1442 potest?
1050 1357 1096 1421 At

92 1447 217 1511 diffidat
237 1468 367 1512 neeesse
390 1450 452 1530 est,
480 1446 535 1530 qui
562 1447 647 1509 bona
675 1445 790 1509 dividit
816 1445 988 1527 tripertito.
1034 1445 1096 1521 Qui
1108 1443 1149 1504 14

93 1534 176 1597 enim
203 1536 325 1617 poterit
353 1538 410 1599 aut
436 1533 577 1616 eorporis
600 1532 753 1596 firmitate
777 1535 834 1597 aut
859 1532 1007 1596 fortunae
1032 1538 1095 1597 sta-

92 1621 219 1687 bilitate
242 1621 422 1687 confidere?
466 1620 566 1702 Atqui
594 1620 657 1683 nisi
685 1620 795 1683 stabili
823 1623 856 1683 et
883 1621 945 1684 fixo
969 1625 1000 1683 et
1025 1643 1095 1704 per-

92 1712 241 1774 manente
271 1711 353 1776 bono
380 1711 494 1773 beatus
522 1729 591 1771 esse
617 1728 712 1771 nemo
739 1710 854 1790 potest.
904 1707 998 1782 Quid¹
1019 1729 1095 1793 ergo

92 1798 158 1861 eius
182 1798 270 1862 modi
293 1798 431 1862 istorum
454 1794 525 1859 est?
548 1799 585 1858 ut
607 1794 689 1859 mihi
711 1793 848 1859 Laconis
872 1795 952 1859 illud
976 1796 1095 1859 dietum

91 1885 125 1948 iu
143 1885 203 1949 hos
223 1886 335 1949 eadere
353 1885 507 1967 videatur,
526 1883 580 1967 qui
598 1882 754 1967 glorianti
773 1883 899 1947 cuidam
915 1886 1097 1968 mercatori,

93 1972 178 2054 quod
201 1973 319 2037 multas
342 1973 435 2036 navis
462 1972 497 2035 in
520 1993 647 2036 omnem
670 1992 761 2035 oram
783 1971 979 2035 maritimam
1005 1972 1096 2036 dimi·

38 2110 40 2114 .
92 2061 199 2142 sisset,
223 2059 322 2125 ‘Non
346 2082 437 2124 sane
461 2059 648 2144 optabilis
674 2059 753 2123 ista
775 2058 955 2144 quidem',
983 2061 1097 2144 inquit,

92 2146 335 2210 ‘rudentibus
359 2150 450 2229 apta
471 2146 648 2212 fortuna'
692 2146 745 2211 An
772 2146 904 2211 dubium
928 2152 989 2230 est,
1018 2150 1097 2232 quin

90 2231 175 2295 nihil
194 2234 239 2296 sit
260 2233 443 2298 habendum
461 2233 493 2298 in
514 2257 551 2299 eo
575 2256 704 2319 genere,
728 2257 790 2319 quo
809 2236 877 2299 vita
898 2236 993 2300 beata
1012 2258 1096 2300 eom-

91 2319 231 2403 pleatur,
250 2321 278 2384 si
296 2321 329 2384 id
346 2321 451 2404 possit
469 2322 599 2386 amitti?
639 2323 731 2387 Nihil
750 2323 836 2387 enim
859 2324 1096 2407 intereresoere,

91 2407 173 2470 nihil
201 2408 357 2492 extingui,
388 2407 472 2471 nihil
500 2410 611 2474 eadere
639 2411 734 2475 debet
761 2432 885 2492 eorum,
916 2412 950 2473 in
980 2410 1095 2493 quibus

90 2496 159 2559 vita
186 2494 283 2559 beata
311 2495 468 2560 consistit.
518 2496 603 2561 Nam
630 2499 684 2581 qui
712 2499 855 2574 timebit,
885 2518 926 2559 ne
954 2497 1030 2580 quid
1057 2518 1096 2559 ex

90 2582 140 2647 his
164 2583 332 2666 deperdat,
353 2585 467 2648 beatus
487 2607 556 2649 esse
574 2607 641 2650 non
663 2587 792 2671 poterit.
829 2584 986 2649 Volumus
1010 2584 1147 2647 enimn

91 2693 177 2755 eum,
214 2672 268 2754 qui
305 2671 420 2737 beatus
453 2672 508 2757 sit,
544 2677 651 2737 tutum
683 2696 765 2756 esse,
800 2671 1096 2755 inexpugnabilem,

91 2762 726 2928 leeth,lllhmltfllmathl*
744 2761 1096 2928 illr'alniiiuullli,

90 2952 155 2994 non
182 2933 237 3013 qui
265 2932 380 2997 leviter
406 2939 514 3017 nocet,
541 2935 597 2998 sed
624 2938 678 3018 qui
704 2934 785 2999 nihil
812 2934 920 3015 nooet,
948 2931 993 2994 sio
1027 2933 1095 2997 sine

90 3022 178 3080 metu
201 3018 229 3081 is
252 3018 417 3083 habendus
442 3026 504 3105 est,
526 3043 592 3085 non
614 3023 669 3104 qui
691 3043 793 3104 parva
811 3019 938 3098 metuit,
963 3020 1019 3084 sed
1041 3022 1097 3105 qui

91 3105 222 3170 omnino
254 3110 342 3170 metu
374 3111 476 3170 vacat.
531 3107 620 3184 Quae
648 3112 698 3172 est
724 3109 808 3172 enim
842 3109 906 3174 alia
937 3108 1095 3176 fortitudo

89 3194 153 3257 nisi
180 3193 280 3257 animi
307 3192 445 3257 adfectio
474 3216 546 3260 oum
579 3196 611 3259 in
645 3196 788 3261 adeundo
821 3199 963 3280 periculo
997 3202 1030 3262 et
1061 3200 1096 3263 in

90 3282 199 3346 labore
222 3303 259 3346 ao
282 3280 393 3345 dolore
415 3282 556 3367 patiens,
583 3288 653 3347 tum
676 3285 787 3367 procul
810 3286 851 3350 ab
874 3287 962 3351 omni
985 3280 1107 3353 metut‘

89 3370 195 3452 Atque
227 3369 305 3433 haee
337 3371 422 3434 certe
452 3391 518 3434 non
550 3371 597 3434 ita
629 3392 664 3435 se
698 3373 869 3458 haberent,
900 3375 964 3439 nisi
1001 3378 1095 3440 omn'

88 3457 208 3520 bonum
230 3457 265 3520 in
281 3478 347 3521 una
369 3457 539 3523 honestate
558 3458 758 3527 consisteret
795 3458 857 3538 Qui
876 3468 984 3528 autem
1003 3461 1075 3539 illa,
