2476 3848
541 160 781 226 -298-

156 334 342 398 diuturnum
366 333 493 417 quidem
518 332 689 416 quicquam
716 331 857 415 videtur,
886 330 1008 415 inquo
1032 335 1082 396 est
1107 333 1165 397 ali-

52 467 54 470 ι
155 422 234 505 quid
251 424 438 485 extremum.
475 419 557 485 Cum
571 420 657 483 enim
670 418 705 483 id
718 419 858 502 advenit,
876 422 948 483 tum
965 419 1057 502 illud,
1077 421 1165 503 quod

88 533 98 551 ·
154 509 336 594 praeteriit,
364 508 501 591 effluxit,
530 510 659 571 tantum
686 509 843 590 remanet,
871 507 958 589 quod
984 507 1108 572 virtute
1131 513 1165 572 et

154 601 241 662 recte
267 596 364 661 factis
392 599 582 661 consecutus
610 595 668 678 sis;
700 595 799 659 horae
828 594 957 678 quidem
984 595 1102 659 cedunt
1131 600 1165 660 et

155 684 223 749 dies
246 688 279 749 et
301 705 427 748 menses
451 687 484 748 et
507 683 596 766 anni,
623 704 682 747 nec
709 682 921 766 praeteritum
943 685 1072 766 tempus
1096 706 1165 748 um·

156 795 253 856 quam
263 773 453 856 revertitur,
470 793 538 854 nec,
563 770 638 854 quid
658 773 820 853 sequatur,
839 769 914 834 sciri
931 773 1053 855 potest,
1077 772 1165 854 quod

156 861 269 943 cuique
296 860 453 944 temporis
482 859 523 924 ad
549 858 722 923 vivendum
754 857 862 941 datur,
895 879 932 922 eo
965 858 1061 922 debet
1093 880 1164 923 esse

103 964 137 1013 το
155 950 335 1013 contentus.
387 945 501 1030 Neque
534 945 620 1009 enim
650 945 816 1028 histrioni,
852 948 889 1009 ut
920 945 1061 1029 placeat,
1092 968 1165 1030 per-

156 1034 281 1120 agenda
302 1033 415 1099 fabula
438 1037 501 1117 est,
528 1033 638 1117 mode,
668 1033 702 1096 in
730 1054 929 1116 quocumque
951 1032 1051 1096 fuerit
1079 1037 1163 1118 actu,

154 1122 323 1206 probetur,
349 1143 453 1204 neque
481 1121 621 1205 sapienti
647 1141 748 1204 usquc
776 1121 817 1184 ad
840 1119 1012 1185 ‘Plaudite'
1035 1121 1163 1185 venien-

29 1231 32 1240 ·
156 1210 232 1274 dum
260 1212 318 1274 cst.
363 1209 466 1273 Breve
495 1209 581 1272 enim
607 1211 734 1291 tempus
763 1208 880 1273 aetatis
914 1208 993 1272 satis
1026 1208 1164 1294 longum

155 1300 206 1361 est
229 1296 269 1360 ad
288 1297 368 1361 bene
388 1297 587 1379 honesteque
604 1295 790 1378 vivendum,
814 1296 864 1360 sin
881 1296 1076 1380 processerit
1094 1296 1164 1360 lon·

155 1386 238 1470 gius,
259 1405 325 1448 non
347 1385 453 1469 magis
477 1383 649 1448 dolendum
672 1387 731 1466 cst,
754 1405 852 1466 quam
871 1383 1032 1468 agricolae
1051 1384 1163 1449 dolent

154 1472 332 1557 praeterita
358 1472 450 1536 verni
478 1472 633 1556 temporis
662 1471 823 1536 suavitate
852 1474 1009 1535 aestatem
1037 1475 1163 1536 autum-

153 1581 294 1642 numque
326 1560 460 1624 venisse.
505 1557 572 1623 Ver
600 1559 684 1623 enim
714 1563 881 1642 tamquam
909 1559 1163 1624 adulescentiam

154 1647 713 1819 tttssttttttttttttt
729 1646 1025 1818 stittuffttt?
1039 1650 1162 1800 stt

103 1837 135 1885 71
155 1824 287 1887 modata
310 1825 395 1886 sunt.
434 1821 571 1886 Fructus
595 1824 704 1885 autem
726 1822 901 1886 senectutis
925 1825 982 1905 est,
1005 1824 1042 1886 ut
1065 1844 1163 1908 saepe

156 1911 230 1992 dixi,
250 1913 324 1973 ante
337 1911 507 1992 partorum
521 1907 680 1972 bonorum
694 1910 850 1973 memoria
865 1913 897 1973 et
911 1910 1011 1993 copia.
1044 1909 1163 1976 Omnia

155 2000 277 2079 autem,
306 2017 387 2079 quae
415 1995 589 2059 secundum
614 1999 764 2061 naturam
787 1998 883 2081 fiunt,
913 2000 988 2061 sunt
1011 1997 1162 2063 habenda

154 2084 189 2146 in
215 2083 318 2146 bonis.
369 2081 451 2157 Quid
482 2085 532 2146 est
563 2087 672 2147 autem
702 2088 771 2148 tam
804 2085 978 2149 secundum
1008 2089 1163 2151 naturam

155 2192 251 2253 quam
272 2169 400 2234 senibus
420 2169 543 2233 emori?
566 2171 651 2253 quod
668 2171 754 2236 idem
772 2173 933 2257 contingit
952 2172 1162 2238 adulescenti·

154 2258 215 2322 bus
239 2257 429 2322 adversante
453 2261 486 2320 et
512 2263 714 2343 repugnante
740 2264 866 2325 natura.
911 2258 1026 2343 Itaque
1054 2261 1162 2326 adule

155 2348 279 2410 scentes
303 2345 383 2408 mihi
406 2345 489 2409 mori
512 2345 558 2410 sic
580 2346 743 2431 videntur,
771 2351 809 2412 nt
831 2370 903 2412 cum
927 2368 1029 2430 aquae
1052 2350 1162 2413 multi·

153 2432 264 2497 tudine
291 2433 440 2497 flammae
466 2433 516 2497 vis
544 2434 751 2519 opprimitur,
781 2456 872 2499 senes
900 2438 1009 2500 autem
1037 2436 1096 2520 sic,
1124 2441 1162 2501 ut

154 2543 227 2586 cum
255 2542 313 2584 sua
341 2524 457 2606 sponte
484 2521 577 2585 nulla
604 2522 750 2587 adhibita
775 2523 809 2589 vi
835 2526 1046 2608 consumptus
1073 2524 1162 2610 ignis

155 2608 367 2695 extinguitur3
400 2611 433 2672 et
464 2608 558 2691 quasi
588 2631 686 2693 poma
718 2632 756 2674 ex
788 2611 972 2694 arboribus,
1004 2611 1103 2676 cruda
1133 2613 1163 2677 si

154 2701 239 2781 sunt,
261 2697 316 2761 vix
339 2697 530 2779 evelluntur,
553 2696 582 2760 si
605 2701 733 2762 matura
756 2701 788 2761 et
809 2702 908 2781 cocta,
932 2698 1091 2781 decidunt,
1114 2700 1162 2766 sic

22 2842 28 2851 .
153 2785 256 2849 vitam
289 2783 546 2848 adulescentibus
578 2784 629 2849 vis
661 2785 779 2869 aufert,
811 2786 941 2850 senibus
973 2787 1162 2872 maturitas3

25 2876 28 2881 '
154 2894 236 2955 quae
260 2871 388 2955 quidem
412 2870 493 2935 mihi
515 2874 584 2936 tam
606 2872 744 2937 iucunda
767 2876 829 2958 est,
856 2877 907 2958 ut,
939 2897 1002 2959 quo
1025 2875 1160 2959 propius

154 2960 195 3023 ad
217 2963 356 3023 mortem
380 2959 542 3042 accedam,
572 2960 664 3042 quasi
690 2963 813 3026 terram
840 2961 948 3027 videre
970 2962 1080 3028 videar
1103 2963 1161 3028 ali·

100 3046 502 3198 20i¹t¹1t¹id⁰thddtt
502 3068 619 3198 {tet
641 3047 753 3200 tut
762 3050 840 3201 niti
841 3050 972 3200 geppe
992 3070 1065 3201 55⁸⁰
1079 3072 1161 3150 '⁰¹²'

100 3183 134 3233 ⁷²
153 3183 303 3303 recteque
320 3220 356 3284 in
374 3242 412 3284 ea
428 3222 564 3300 vivitur,
588 3223 694 3305 quoad
710 3244 827 3288 munus
851 3159 1161 3308 dificiisexsdlddiluest

152 3308 238 3372 tueri
264 3308 368 3391 possit
392 3311 607 3393 [mortemque
634 3313 866 3395 contemnerc];
895 3334 933 3376 ex
957 3334 1020 3396 quo
1042 3313 1095 3396 fit,
1122 3316 1160 3377 ut

153 3395 329 3460 animosior
346 3394 444 3460 etiam
463 3401 610 3462 senectus
630 3397 673 3462 sit
692 3421 789 3482 quam
807 3400 1025 3465 adulescentia
1044 3403 1077 3464 ct
1094 3399 1161 3465 for·

67 3488 109 3630 .
151 3483 226 3549 tior.
261 3481 333 3548 Hoc
356 3482 439 3548 illud
461 3487 519 3562 est,
543 3485 630 3563 quod
645 3484 820 3552 Pisistrato
839 3490 978 3574 tyranno
1002 3484 1161 3563 aSolone
