2476 3848
544 159 817 226 —336--

161 335 296 416 propter
319 331 551 396 dissensionem
573 332 691 412 autem,
713 350 795 413 quae
818 332 889 394 erat
910 328 946 394 in
968 350 1004 394 re
1028 330 1171 414 publica,

163 420 323 484 alienatus
346 422 397 484 est
418 441 439 484 a
461 418 588 503 collega
607 421 720 481 nostro
739 416 886 499 Metello;
908 421 1082 501 utrumque
1101 420 1173 505 egit

163 507 320 592 graviter,
353 506 546 573 auctoritate
569 509 603 569 et
625 504 801 570 offensione
829 505 929 569 animi
955 526 1022 570 non
1044 508 1173 572 acerba.

111 611 144 662 78
163 593 267 670 Quam
291 595 333 659 ob
355 616 424 659 rem
446 594 589 678 primum
612 592 717 657 danda
739 614 838 677 opera
861 596 920 676 est,
942 614 983 657 no
1006 615 1072 677 qua
1092 596 1173 661 ami-

163 704 275 747 corum
297 682 430 747 discidia
452 682 546 764 fiant3
569 681 620 745 sin
642 680 709 744 tale
733 679 856 765 aliquid
879 681 1036 759 evenerit,
1058 686 1097 746 ut
1121 705 1172 748 ex·

162 771 287 835 tinctae
318 770 427 854 potius
460 769 621 835 amicitiae
653 790 750 851 quam
782 789 957 852 oppressae
988 769 1173 837 videantur.

164 856 348 923 Cavendum
370 878 461 940 vero,
492 878 533 921 ne
561 857 660 921 etiam
689 856 724 920 in
747 876 863 940 graves
886 855 1074 921 inimicitias
1098 881 1173 924 con-

162 949 293 1010 vertant
316 966 350 1009 se
373 944 548 1027 amicitiae,
570 965 609 1008 ex
628 943 744 1028 quibus
762 943 878 1028 iurgia,
896 944 1078 1029 maledicta,
1098 968 1173 1011 con·

163 1032 316 1096 tumeliae
340 1032 527 1117 gignuntur.
563 1031 656 1107 Quae
673 1036 784 1097 tamen
806 1033 835 1095 si
857 1031 1046 1106 tolerabiles
1066 1038 1172 1118 erunt,

162 1119 312 1184 ferendae
331 1125 419 1204 sunt,
447 1119 555 1185 ethic
581 1120 685 1184 honos
712 1119 816 1183 veteri
842 1119 1005 1186 amicitiae
1027 1121 1172 1186 tribuen-

163 1207 232 1308 dus,
254 1206 337 1271 utis
359 1207 512 1293 inculpa
535 1208 592 1291 sit,
615 1207 670 1291 qui
692 1206 805 1290 faciat,
835 1228 914 1290 non,
942 1207 998 1292 qui
1024 1209 1173 1293 patiatur

162 1316 322 1359 rmunam.

230 1383 368 1448 Omnino
392 1384 536 1448 omnium
557 1383 674 1447 horum
696 1382 852 1447 vitiorum
874 1386 971 1467 atque
994 1382 1171 1449 incommo-

164 1471 278 1536 dorum
300 1493 365 1535 una
387 1472 494 1536 cantio
518 1474 569 1536 est
587 1473 684 1554 atque
702 1492 767 1534 una
785 1470 938 1555 provisio,
961 1473 999 1534 ut
1015 1492 1057 1535 ne
1070 1473 1169 1537 nimis

111 1572 144 1622 79
164 1558 228 1623 cito
252 1559 386 1644 diligere
409 1559 566 1644 incipiant
587 1580 668 1623 neve
690 1579 757 1622 non
779 1558 904 1642 dignos.
940 1558 1041 1642 Digni
1059 1562 1169 1623 autem

164 1650 240 1710 sunt
268 1646 424 1730 amicitia,
457 1647 573 1730 quibus
599 1646 634 1710 in
655 1645 736 1730 ipsis
758 1645 844 1709 inest
866 1667 977 1728 causa,
1008 1666 1064 1708 cur
1097 1644 1168 1707 dili-

165 1737 292 1819 gantur.
337 1734 460 1799 Rarum
483 1755 594 1820 genus.
637 1733 682 1796 Et
710 1732 838 1817 quidem
867 1733 974 1797 omnia
999 1732 1169 1815 praeclara

163 1844 246 1899 rara,
267 1843 327 1886 nec
350 1822 521 1905 quicquam
544 1820 706 1885 difficilius
730 1843 828 1904 quam
846 1820 995 1905 reperire,
1018 1819 1104 1902 quod
1124 1820 1169 1884 sit

164 1909 253 1972 omni
275 1930 314 1972 ex
336 1913 429 1994 parte
451 1909 486 1971 in
508 1931 566 1973 suo
590 1929 707 1993 genere
727 1908 914 1992 perfectum.
946 1906 1008 1972 Sed
1021 1906 1168 1991 plerique

163 2017 267 2079 neque
289 1996 324 2060 in
346 1996 442 2059 rebus
460 1996 610 2060 humanis
629 1996 802 2079 quicquam
819 1996 940 2060 bonum
957 2000 1087 2078 norunt,
1104 1995 1169 2059 nisi

165 2083 250 2166 quod
272 2081 474 2147 fructuosum
497 2084 549 2168 sit,
572 2087 606 2148 et
624 2084 744 2148 amicos
767 2086 936 2166 tamquam
953 2082 1091 2167 pecudes
1113 2105 1169 2148 eos

164 2169 372 2254 potissimum
395 2170 548 2256 diligunt,
572 2171 745 2254 exquibus
768 2174 901 2255 sperant
924 2191 958 2234 se
972 2166 1170 2236 xmaxumum

112 2272 146 2323 80
163 2256 305 2321 fructum
325 2279 394 2322 esse
408 2263 568 2343 capturos.
603 2259 656 2324 Ita
669 2258 886 2343 pulcherrima
899 2257 959 2322 illa
972 2261 1005 2323 et
1018 2280 1169 2323 maxume

67 2904 128 3075 b

163 2345 306 2424 naturali
330 2350 441 2411 carent
464 2347 606 2412 amicitia
628 2368 686 2431 per
706 2369 741 2411 se
760 2349 794 2411 et
810 2348 945 2431 propter
967 2367 1001 2410 se
1025 2346 1169 2430 expetita

163 2454 222 2498 nec
254 2433 317 2517 ipsi
349 2433 412 2498 sibi
444 2435 590 2518 exemplo
622 2437 710 2518 sunt,
741 2435 822 2498 haec
856 2434 906 2497 vis
939 2433 1102 2498 amicitiae
1135 2436 1169 2497 et

165 2520 271 2604 qualis
295 2525 327 2585 ct
354 2525 476 2604 quanta
508 2521 559 2587 sit.
603 2521 678 2606 Ipse
710 2521 796 2586 enim
826 2543 860 2586 se
888 2521 1023 2604 quisque
1051 2520 1169 2604 diligit,

163 2630 230 2673 non
251 2612 288 2673 ut
311 2609 453 2693 aliquam
476 2631 496 2673 a
519 2630 552 2673 se
579 2609 649 2693 ipse
676 2609 855 2674 mercedem
885 2608 995 2693 exigat
1021 2607 1168 2673 caritatis

165 2718 254 2779 suae,
283 2695 338 2760 sed
361 2697 446 2780 quod
469 2718 527 2781 per
550 2718 584 2761 se
608 2697 671 2761 sibi
693 2697 829 2780 quisque
852 2717 946 2760 carus
974 2699 1031 2760 est
1076 2693 1169 2770 Quod

163 2785 228 2848 nisi
249 2784 335 2848 idem
351 2785 386 2848 in
401 2784 578 2849 amicitiam
591 2784 814 2867 transferetur,
832 2805 926 2848 verus
942 2783 1063 2848 amicus
1077 2803 1169 2846 num·

165 2893 262 2954 quam
285 2872 477 2956 reperietur3
504 2875 555 2936 est
577 2873 663 2936 enim
686 2872 728 2956 is,
756 2870 811 2954 qui
829 2875 880 2936 est
898 2875 1066 2954 tamquam
1084 2870 1169 2934 alter

131 2971 145 3021 1
164 2959 258 3023 idem.
295 2958 416 3034 Quodsi
434 2959 496 3025 hoc
515 2963 651 3044 apparet
672 2960 707 3023 in
729 2958 852 3042 bestiis,
872 2959 1067 3041 volucribus,
1088 2979 1170 3022 nan-

164 3046 262 3128 tibus,
286 3048 480 3131 agrestibus,
503 3047 672 3131 cicuribus,
694 3047 785 3130 feris,
808 3046 950 3131 primum
970 3049 1008 3110 ut
1026 3067 1060 3110 se
1077 3045 1169 3128 ipsae

85 3210 89 3221 ,
164 3133 304 3217 diligant
325 3133 371 3218 (id
386 3135 471 3198 enim
489 3136 611 3222 pariter
625 3158 698 3201 cum
712 3134 801 3200 omni
819 3134 983 3199 animante
1000 3129 1170 3216 nascitur),

164 3219 277 3284 deinde
300 3224 337 3284 ut
359 3222 527 3304 requirant
554 3227 652 3307 atquc
680 3224 849 3307 adpetant,
881 3222 922 3286 ad
949 3243 1029 3305 quas
1054 3242 1089 3286 se
1116 3219 1170 3285 ad-

169 3507 185 3560 q
250 3485 285 3548 to
308 3482 341 3547 id
364 3484 470 3570 magis
492 3485 528 3549 in
549 3486 680 3551 homine
697 3487 737 3551 fit
757 3487 888 3552 natural
913 3484 969 3569 qui
991 3487 1025 3550 et
1044 3505 1080 3551 se
1097 3483 1170 3570 ipse

186 3307 286 3371 licent
309 3307 451 3372 eiusdem
474 3310 602 3395 generis
625 3311 810 3393 animantis,
831 3309 929 3394 idque
950 3309 1076 3375 faciunt
1096 3329 1170 3373 cum

67 3329 320 3631 Nerio
345 3399 377 3459 et
401 3417 473 3461 cum
497 3397 635 3481 quadam
654 3397 865 3463 similitudine
884 3397 1004 3462 amoris
1025 3395 1170 3480 humani,
