<?xml version="1.0" encoding="UTF-8"?>
<!DOCTYPE html PUBLIC "-//W3C//DTD XHTML 1.0 Transitional//EN"
    "http://www.w3.org/TR/xhtml1/DTD/xhtml1-transitional.dtd">
<html xmlns="http://www.w3.org/1999/xhtml" xml:lang="en" lang="en">
 <head>
  <title>
</title>
<meta http-equiv="Content-Type" content="text/html;charset=utf-8" />
  <meta name='ocr-system' content='tesseract 3.04.00' />
  <meta name='ocr-capabilities' content='ocr_page ocr_carea ocr_par ocr_line ocrx_word'/>
</head>
<body>
  <div class='ocr_page' id='page_1' title='image "./cicerosphilosop01cicegoog_0352.png"; bbox 0 0 2476 3848; ppageno 0'>
   <div class='ocr_carea' id='block_1_1' title="bbox 475 179 717 245">
    <p class='ocr_par' dir='ltr' id='par_1_1' title="bbox 475 179 717 245">
     <span class='ocr_line' id='line_1_1' title="bbox 475 179 717 245; baseline 0 0"><span class='ocrx_word' id='word_1_1' title='bbox 475 179 717 245; x_wconf 81' lang='lat'>—335-</span> 
     </span>
    </p>
   </div>
   <div class='ocr_carea' id='block_1_2' title="bbox 90 335 1150 3397">
    <p class='ocr_par' dir='ltr' id='par_1_2' title="bbox 93 335 1150 1300">
     <span class='ocr_line' id='line_1_2' title="bbox 93 335 1100 423; baseline 0.005 -22"><span class='ocrx_word' id='word_1_2' title='bbox 93 337 294 401; x_wconf 80' lang='lat' dir='ltr'>aestimandi.</span> <span class='ocrx_word' id='word_1_3' title='bbox 338 335 446 400; x_wconf 79' lang='lat' dir='ltr'><strong>Aliter</strong></span> <span class='ocrx_word' id='word_1_4' title='bbox 468 336 628 402; x_wconf 78' lang='lat' dir='ltr'>amicitiae</span> <span class='ocrx_word' id='word_1_5' title='bbox 656 338 792 402; x_wconf 87' lang='lat' dir='ltr'>stabiles</span> <span class='ocrx_word' id='word_1_6' title='bbox 821 360 1010 423; x_wconf 90' lang='lat' dir='ltr'>permanere</span> <span class='ocrx_word' id='word_1_7' title='bbox 1032 362 1100 406; x_wconf 88' lang='lat' dir='ltr'>non</span> 
     </span>
     <span class='ocr_line' id='line_1_3' title="bbox 93 423 1099 510; baseline 0.004 -21"><span class='ocrx_word' id='word_1_8' title='bbox 93 426 253 509; x_wconf 69' lang='lat' dir='ltr'>possunt.v</span> <span class='ocrx_word' id='word_1_9' title='bbox 283 423 439 508; x_wconf 89' lang='lat' dir='ltr'>Dispares</span> <span class='ocrx_word' id='word_1_10' title='bbox 472 424 557 488; x_wconf 90' lang='lat' dir='ltr'>enim</span> <span class='ocrx_word' id='word_1_11' title='bbox 588 446 708 508; x_wconf 90' lang='lat' dir='ltr'>mores,</span> <span class='ocrx_word' id='word_1_12' title='bbox 741 425 882 510; x_wconf 87' lang='lat' dir='ltr'>disparia</span> <span class='ocrx_word' id='word_1_13' title='bbox 910 427 1017 493; x_wconf 84' lang='lat' dir='ltr'>studia</span> <span class='ocrx_word' id='word_1_14' title='bbox 1049 449 1099 493; x_wconf 90' lang='lat' dir='ltr'>se-</span> 
     </span>
     <span class='ocr_line' id='line_1_4' title="bbox 94 511 1098 598; baseline 0.006 -24"><span class='ocrx_word' id='word_1_15' title='bbox 94 515 244 595; x_wconf 87' lang='lat' dir='ltr'>quuntur,</span> <span class='ocrx_word' id='word_1_16' title='bbox 268 533 405 596; x_wconf 88' lang='lat' dir='ltr'>qnorum</span> <span class='ocrx_word' id='word_1_17' title='bbox 424 511 652 577; x_wconf 78' lang='lat' dir='ltr'>dissimilitudo</span> <span class='ocrx_word' id='word_1_18' title='bbox 671 512 824 579; x_wconf 73' lang='lat' dir='ltr'>dissociat</span> <span class='ocrx_word' id='word_1_19' title='bbox 843 514 1017 598; x_wconf 73' lang='lat' dir='ltr'>amicitias,</span> <span class='ocrx_word' id='word_1_20' title='bbox 1038 537 1098 580; x_wconf 90' lang='lat' dir='ltr'>nec</span> 
     </span>
     <span class='ocr_line' id='line_1_5' title="bbox 94 565 1097 700; baseline 0.004 -36"><span class='ocrx_word' id='word_1_21' title='bbox 94 600 136 664; x_wconf 94' lang='lat' dir='ltr'>ob</span> <span class='ocrx_word' id='word_1_22' title='bbox 159 599 258 700; x_wconf 78' lang='lat' dir='ltr'>aliam</span> <span class='ocrx_word' id='word_1_23' title='bbox 281 621 411 664; x_wconf 88' lang='lat' dir='ltr'>causam</span> <span class='ocrx_word' id='word_1_24' title='bbox 433 600 535 664; x_wconf 90' lang='lat' dir='ltr'>ullam</span> <span class='ocrx_word' id='word_1_25' title='bbox 558 601 635 664; x_wconf 92' lang='lat' dir='ltr'>boni</span> <span class='ocrx_word' id='word_1_26' title='bbox 652 600 819 686; x_wconf 82' lang='lat' dir='ltr'>improbis</span> <span class='ocrx_word' id='word_1_27' title='bbox 840 602 983 686; x_wconf 89' lang='lat' dir='ltr'>improbi</span> <span class='ocrx_word' id='word_1_28' title='bbox 1002 565 1097 668; x_wconf 85' lang='lat' dir='ltr'>bonis</span> 
     </span>
     <span class='ocr_line' id='line_1_6' title="bbox 95 686 1097 774; baseline 0.004 -23"><span class='ocrx_word' id='word_1_29' title='bbox 95 686 190 751; x_wconf 89' lang='lat' dir='ltr'>amici</span> <span class='ocrx_word' id='word_1_30' title='bbox 214 708 283 753; x_wconf 89' lang='lat' dir='ltr'>esse</span> <span class='ocrx_word' id='word_1_31' title='bbox 304 708 373 751; x_wconf 92' lang='lat' dir='ltr'>non</span> <span class='ocrx_word' id='word_1_32' title='bbox 393 690 540 772; x_wconf 90' lang='lat' dir='ltr'>possunt</span> <span class='ocrx_word' id='word_1_33' title='bbox 562 688 626 752; x_wconf 89' lang='lat' dir='ltr'>nisi</span> <span class='ocrx_word' id='word_1_34' title='bbox 645 688 731 772; x_wconf 89' lang='lat' dir='ltr'>quod</span> <span class='ocrx_word' id='word_1_35' title='bbox 748 692 843 754; x_wconf 90' lang='lat' dir='ltr'>tanta</span> <span class='ocrx_word' id='word_1_36' title='bbox 861 695 911 754; x_wconf 88' lang='lat' dir='ltr'>est</span> <span class='ocrx_word' id='word_1_37' title='bbox 928 691 1014 755; x_wconf 92' lang='lat' dir='ltr'>inter</span> <span class='ocrx_word' id='word_1_38' title='bbox 1032 712 1097 774; x_wconf 89' lang='lat' dir='ltr'>eos,</span> 
     </span>
     <span class='ocr_line' id='line_1_7' title="bbox 94 775 1097 862; baseline 0.005 -24"><span class='ocrx_word' id='word_1_39' title='bbox 94 778 217 858; x_wconf 85' lang='lat' dir='ltr'>quanta</span> <span class='ocrx_word' id='word_1_40' title='bbox 238 775 380 839; x_wconf 84' lang='lat' dir='ltr'>maxima</span> <span class='ocrx_word' id='word_1_41' title='bbox 402 779 512 860; x_wconf 89' lang='lat' dir='ltr'>potest</span> <span class='ocrx_word' id='word_1_42' title='bbox 531 797 615 859; x_wconf 88' lang='lat' dir='ltr'>essa,</span> <span class='ocrx_word' id='word_1_43' title='bbox 637 799 764 841; x_wconf 91' lang='lat' dir='ltr'>morum</span> <span class='ocrx_word' id='word_1_44' title='bbox 790 777 1033 862; x_wconf 89' lang='lat' dir='ltr'>studiorumque</span> <span class='ocrx_word' id='word_1_45' title='bbox 1053 779 1097 843; x_wconf 93' lang='lat' dir='ltr'>di-</span> 
     </span>
     <span class='ocr_line' id='line_1_8' title="bbox 93 861 1150 948; baseline 0.004 -22"><span class='ocrx_word' id='word_1_46' title='bbox 93 863 193 926; x_wconf 89' lang='lat' dir='ltr'>stant</span> <span class='ocrx_word' id='word_1_47' title='bbox 184 884 224 927; x_wconf 89' lang='grc'>11.</span> <span class='ocrx_word' id='word_1_48' title='bbox 269 861 369 927; x_wconf 86' lang='lat' dir='ltr'>Recte</span> <span class='ocrx_word' id='word_1_49' title='bbox 335 863 491 927; x_wconf 91' lang='lat' dir='ltr'>tetiam</span> <span class='ocrx_word' id='word_1_50' title='bbox 513 863 657 948; x_wconf 85' lang='lat' dir='ltr'>praecipi</span> <span class='ocrx_word' id='word_1_51' title='bbox 682 865 828 948; x_wconf 90' lang='lat' dir='ltr'>potest</span> <span class='ocrx_word' id='word_1_52' title='bbox 818 887 853 929; x_wconf 85' lang='lat'>111</span> <span class='ocrx_word' id='word_1_53' title='bbox 876 865 1037 948; x_wconf 88' lang='lat' dir='ltr'>amicitiis,</span> <span class='ocrx_word' id='word_1_54' title='bbox 1056 888 1096 931; x_wconf 93' lang='lat' dir='ltr'>ne</span> <span class='ocrx_word' id='word_1_55' title='bbox 1116 882 1150 932; x_wconf 80' lang='grc'>71</span> 
     </span>
     <span class='ocr_line' id='line_1_9' title="bbox 93 950 1097 1038; baseline 0.005 -25"><span class='ocrx_word' id='word_1_56' title='bbox 93 951 309 1033; x_wconf 87' lang='lat' dir='ltr'>intemperata</span> <span class='ocrx_word' id='word_1_57' title='bbox 333 950 490 1033; x_wconf 83' lang='lat' dir='ltr'>quaedam</span> <span class='ocrx_word' id='word_1_58' title='bbox 513 950 709 1016; x_wconf 91' lang='lat' dir='ltr'>benivolent</span> <span class='ocrx_word' id='word_1_59' title='bbox 685 954 740 1036; x_wconf 92' lang='grc'>111,</span> <span class='ocrx_word' id='word_1_60' title='bbox 764 952 849 1037; x_wconf 91' lang='lat' dir='ltr'>quod</span> <span class='ocrx_word' id='word_1_61' title='bbox 872 975 1025 1038; x_wconf 83' lang='lat' dir='ltr'>persaepe</span> <span class='ocrx_word' id='word_1_62' title='bbox 1050 954 1097 1036; x_wconf 89' lang='lat' dir='ltr'>fit,</span> 
     </span>
     <span class='ocr_line' id='line_1_10' title="bbox 93 1004 1097 1125; baseline 0.004 -24"><span class='ocrx_word' id='word_1_63' title='bbox 93 1039 160 1122; x_wconf 90' lang='lat' dir='ltr'>imp</span> <span class='ocrx_word' id='word_1_64' title='bbox 162 1037 249 1101; x_wconf 92' lang='lat' dir='ltr'>ediat</span> <span class='ocrx_word' id='word_1_65' title='bbox 235 1042 467 1123; x_wconf 82' lang='lat' dir='ltr'>tutmagnas</span> <span class='ocrx_word' id='word_1_66' title='bbox 431 1038 520 1102; x_wconf 89' lang='lat' dir='ltr'>utilit</span> <span class='ocrx_word' id='word_1_67' title='bbox 506 1042 599 1103; x_wconf 86' lang='lat' dir='ltr'>tates</span> <span class='ocrx_word' id='word_1_68' title='bbox 615 1040 801 1105; x_wconf 90' lang='lat' dir='ltr'>amicorum</span> <span class='ocrx_word' id='word_1_69' title='bbox 845 1039 915 1106; x_wconf 90' lang='lat' dir='ltr'>Nee</span> <span class='ocrx_word' id='word_1_70' title='bbox 937 1041 1035 1125; x_wconf 91' lang='lat' dir='ltr'>enim,</span> <span class='ocrx_word' id='word_1_71' title='bbox 1060 1004 1097 1106; x_wconf 88' lang='grc'>11</span> 
     </span>
     <span class='ocr_line' id='line_1_11' title="bbox 95 1063 1097 1214; baseline 0.006 -25"><span class='ocrx_word' id='word_1_72' title='bbox 95 1127 135 1190; x_wconf 89' lang='lat' dir='ltr'>ad</span> <span class='ocrx_word' id='word_1_73' title='bbox 139 1063 286 1190; x_wconf 88' lang='lat' dir='ltr'>pfabulas</span> <span class='ocrx_word' id='word_1_74' title='bbox 309 1125 451 1209; x_wconf 86' lang='lat' dir='ltr'>redeam,</span> <span class='ocrx_word' id='word_1_75' title='bbox 478 1125 609 1191; x_wconf 88' lang='lat' dir='ltr'>Troiam</span> <span class='ocrx_word' id='word_1_76' title='bbox 636 1125 870 1212; x_wconf 83' lang='lat' dir='ltr'>Neoptolemus</span> <span class='ocrx_word' id='word_1_77' title='bbox 899 1151 1012 1213; x_wconf 90' lang='lat' dir='ltr'>capere</span> <span class='ocrx_word' id='word_1_78' title='bbox 1039 1152 1097 1214; x_wconf 89' lang='lat' dir='ltr'>po-</span> 
     </span>
     <span class='ocr_line' id='line_1_12' title="bbox 93 1211 1098 1300; baseline 0.004 -23.066"><span class='ocrx_word' id='word_1_79' title='bbox 93 1213 219 1297; x_wconf 89' lang='lat' dir='ltr'>tuisset,</span> <span class='ocrx_word' id='word_1_80' title='bbox 243 1235 271 1276; x_wconf 88' lang='grc'>11</span> <span class='ocrx_word' id='word_1_81' title='bbox 262 1211 505 1296; x_wconf 86' lang='lat' dir='ltr'>Lycomedem,</span> <span class='ocrx_word' id='word_1_82' title='bbox 529 1215 613 1299; x_wconf 88' lang='lat' dir='ltr'>apud</span> <span class='ocrx_word' id='word_1_83' title='bbox 632 1237 728 1298; x_wconf 91' lang='lat' dir='ltr'>quem</span> <span class='ocrx_word' id='word_1_84' title='bbox 747 1219 817 1280; x_wconf 92' lang='lat' dir='ltr'>erat</span> <span class='ocrx_word' id='word_1_85' title='bbox 835 1215 998 1300; x_wconf 87' lang='lat' dir='ltr'>educatus,</span> <span class='ocrx_word' id='word_1_86' title='bbox 1016 1217 1098 1281; x_wconf 92' lang='lat' dir='ltr'>mul·</span> 
     </span>
    </p>

    <p class='ocr_par' dir='ltr' id='par_1_3' title="bbox 91 1300 1150 1911">
     <span class='ocr_line' id='line_1_13' title="bbox 93 1300 1098 1386; baseline 0.004 -22.062"><span class='ocrx_word' id='word_1_87' title='bbox 93 1301 136 1364; x_wconf 91' lang='lat' dir='ltr'>tis</span> <span class='ocrx_word' id='word_1_88' title='bbox 167 1323 239 1365; x_wconf 89' lang='lat' dir='ltr'>cum</span> <span class='ocrx_word' id='word_1_89' title='bbox 266 1300 408 1365; x_wconf 89' lang='lat' dir='ltr'>lacrimis</span> <span class='ocrx_word' id='word_1_90' title='bbox 437 1301 501 1365; x_wconf 92' lang='lat' dir='ltr'>iter</span> <span class='ocrx_word' id='word_1_91' title='bbox 529 1324 621 1365; x_wconf 90' lang='lat' dir='ltr'>suum</span> <span class='ocrx_word' id='word_1_92' title='bbox 648 1302 876 1386; x_wconf 89' lang='lat' dir='ltr'>impedientem</span> <span class='ocrx_word' id='word_1_93' title='bbox 905 1305 1014 1368; x_wconf 90' lang='lat' dir='ltr'>audire</span> <span class='ocrx_word' id='word_1_94' title='bbox 1041 1327 1098 1368; x_wconf 85' lang='lat' dir='ltr'>vo·</span> 
     </span>
     <span class='ocr_line' id='line_1_14' title="bbox 93 1387 1097 1474; baseline 0.004 -23"><span class='ocrx_word' id='word_1_95' title='bbox 93 1389 208 1452; x_wconf 90' lang='lat' dir='ltr'>luisset</span> <span class='ocrx_word' id='word_1_96' title='bbox 194 1392 217 1452; x_wconf 88' lang='lat' dir='ltr'>t.</span> <span class='ocrx_word' id='word_1_97' title='bbox 247 1387 292 1452; x_wconf 79' lang='grc'>111</span> <span class='ocrx_word' id='word_1_98' title='bbox 311 1410 406 1474; x_wconf 89' lang='lat' dir='ltr'>saepe</span> <span class='ocrx_word' id='word_1_99' title='bbox 419 1388 565 1453; x_wconf 91' lang='lat' dir='ltr'>incidunt</span> <span class='ocrx_word' id='word_1_100' title='bbox 551 1392 721 1473; x_wconf 79' lang='lat' dir='ltr'>tmagnae</span> <span class='ocrx_word' id='word_1_101' title='bbox 739 1411 800 1473; x_wconf 91' lang='lat' dir='ltr'>res,</span> <span class='ocrx_word' id='word_1_102' title='bbox 818 1394 855 1453; x_wconf 91' lang='lat' dir='ltr'>ut</span> <span class='ocrx_word' id='word_1_103' title='bbox 872 1389 1097 1455; x_wconf 91' lang='lat' dir='ltr'>discedendum</span> 
     </span>
     <span class='ocr_line' id='line_1_15' title="bbox 96 1476 1097 1561; baseline 0.003 -22"><span class='ocrx_word' id='word_1_104' title='bbox 96 1476 139 1539; x_wconf 88' lang='lat' dir='ltr'>sit</span> <span class='ocrx_word' id='word_1_105' title='bbox 163 1476 204 1540; x_wconf 91' lang='lat' dir='ltr'>ab</span> <span class='ocrx_word' id='word_1_106' title='bbox 227 1476 353 1561; x_wconf 73' lang='lat' dir='ltr'>amicis,</span> <span class='ocrx_word' id='word_1_107' title='bbox 385 1489 465 1561; x_wconf 89' lang='lat' dir='ltr'>quas</span> <span class='ocrx_word' id='word_1_108' title='bbox 494 1477 550 1559; x_wconf 90' lang='lat' dir='ltr'>qui</span> <span class='ocrx_word' id='word_1_109' title='bbox 575 1476 731 1560; x_wconf 89' lang='lat' dir='ltr'>impedire</span> <span class='ocrx_word' id='word_1_110' title='bbox 753 1476 838 1560; x_wconf 85' lang='lat' dir='ltr'>vult,</span> <span class='ocrx_word' id='word_1_111' title='bbox 866 1476 951 1559; x_wconf 92' lang='lat' dir='ltr'>quod</span> <span class='ocrx_word' id='word_1_112' title='bbox 974 1478 1097 1542; x_wconf 90' lang='lat' dir='ltr'>deside-</span> 
     </span>
     <span class='ocr_line' id='line_1_16' title="bbox 92 1563 1097 1649; baseline 0.003 -23"><span class='ocrx_word' id='word_1_113' title='bbox 92 1564 177 1627; x_wconf 89' lang='lat' dir='ltr'>rium</span> <span class='ocrx_word' id='word_1_114' title='bbox 204 1585 269 1628; x_wconf 92' lang='lat' dir='ltr'>non</span> <span class='ocrx_word' id='word_1_115' title='bbox 295 1563 391 1629; x_wconf 86' lang='lat' dir='ltr'>facile</span> <span class='ocrx_word' id='word_1_116' title='bbox 423 1563 521 1648; x_wconf 88' lang='lat' dir='ltr'>ferat,</span> <span class='ocrx_word' id='word_1_117' title='bbox 552 1563 580 1628; x_wconf 91' lang='lat' dir='ltr'>is</span> <span class='ocrx_word' id='word_1_118' title='bbox 610 1567 642 1628; x_wconf 92' lang='lat' dir='ltr'>et</span> <span class='ocrx_word' id='word_1_119' title='bbox 669 1564 816 1628; x_wconf 91' lang='lat' dir='ltr'>infirmus</span> <span class='ocrx_word' id='word_1_120' title='bbox 845 1568 894 1628; x_wconf 93' lang='lat' dir='ltr'>est</span> <span class='ocrx_word' id='word_1_121' title='bbox 923 1565 1097 1649; x_wconf 90' lang='lat' dir='ltr'>mollisque</span> 
     </span>
     <span class='ocr_line' id='line_1_17' title="bbox 91 1652 1096 1736; baseline 0.002 -21"><span class='ocrx_word' id='word_1_122' title='bbox 91 1655 210 1715; x_wconf 89' lang='lat' dir='ltr'>natura</span> <span class='ocrx_word' id='word_1_123' title='bbox 236 1656 269 1716; x_wconf 86' lang='lat' dir='ltr'>et</span> <span class='ocrx_word' id='word_1_124' title='bbox 296 1652 338 1717; x_wconf 92' lang='lat' dir='ltr'>ob</span> <span class='ocrx_word' id='word_1_125' title='bbox 366 1674 437 1716; x_wconf 92' lang='lat' dir='ltr'>eam</span> <span class='ocrx_word' id='word_1_126' title='bbox 464 1652 571 1736; x_wconf 91' lang='lat' dir='ltr'>ipsam</span> <span class='ocrx_word' id='word_1_127' title='bbox 598 1673 728 1716; x_wconf 89' lang='lat' dir='ltr'>causam</span> <span class='ocrx_word' id='word_1_128' title='bbox 755 1652 790 1716; x_wconf 91' lang='lat' dir='ltr'>in</span> <span class='ocrx_word' id='word_1_129' title='bbox 818 1652 959 1717; x_wconf 88' lang='lat' dir='ltr'>amicitia</span> <span class='ocrx_word' id='word_1_130' title='bbox 980 1675 1096 1736; x_wconf 89' lang='lat' dir='ltr'>parum</span> 
     </span>
     <span class='ocr_line' id='line_1_18' title="bbox 91 1738 1150 1823; baseline 0.002 -21"><span class='ocrx_word' id='word_1_131' title='bbox 91 1740 205 1803; x_wconf 88' lang='lat' dir='ltr'>iustus.</span> <span class='ocrx_word' id='word_1_132' title='bbox 251 1738 360 1822; x_wconf 85' lang='lat' dir='ltr'>Atque</span> <span class='ocrx_word' id='word_1_133' title='bbox 382 1740 417 1802; x_wconf 93' lang='lat' dir='ltr'>in</span> <span class='ocrx_word' id='word_1_134' title='bbox 440 1741 528 1804; x_wconf 90' lang='lat' dir='ltr'>omni</span> <span class='ocrx_word' id='word_1_135' title='bbox 550 1762 585 1804; x_wconf 92' lang='lat' dir='ltr'>re</span> <span class='ocrx_word' id='word_1_136' title='bbox 608 1739 873 1805; x_wconf 88' lang='lat' dir='ltr'>considerandum</span> <span class='ocrx_word' id='word_1_137' title='bbox 892 1744 950 1822; x_wconf 93' lang='lat' dir='ltr'>est,</span> <span class='ocrx_word' id='word_1_138' title='bbox 969 1744 1002 1802; x_wconf 94' lang='lat' dir='ltr'>et</span> <span class='ocrx_word' id='word_1_139' title='bbox 1020 1740 1097 1823; x_wconf 89' lang='lat' dir='ltr'>quid</span> <span class='ocrx_word' id='word_1_140' title='bbox 1116 1757 1150 1806; x_wconf 77' lang='lat'>&#39;16</span> 
     </span>
     <span class='ocr_line' id='line_1_19' title="bbox 91 1826 1032 1911; baseline -0.001 -20"><span class='ocrx_word' id='word_1_141' title='bbox 91 1827 237 1911; x_wconf 89' lang='lat' dir='ltr'>postules</span> <span class='ocrx_word' id='word_1_142' title='bbox 262 1827 302 1890; x_wconf 90' lang='lat' dir='ltr'>ab</span> <span class='ocrx_word' id='word_1_143' title='bbox 327 1826 429 1891; x_wconf 89' lang='lat' dir='ltr'>amico</span> <span class='ocrx_word' id='word_1_144' title='bbox 453 1831 486 1891; x_wconf 92' lang='lat' dir='ltr'>et</span> <span class='ocrx_word' id='word_1_145' title='bbox 510 1827 586 1910; x_wconf 93' lang='lat' dir='ltr'>quid</span> <span class='ocrx_word' id='word_1_146' title='bbox 607 1827 733 1911; x_wconf 88' lang='lat' dir='ltr'>patiare</span> <span class='ocrx_word' id='word_1_147' title='bbox 757 1850 776 1891; x_wconf 93' lang='grc'>1</span> <span class='ocrx_word' id='word_1_148' title='bbox 799 1830 831 1890; x_wconf 89' lang='grc'>11</span> <span class='ocrx_word' id='word_1_149' title='bbox 855 1826 1032 1910; x_wconf 90' lang='lat' dir='ltr'>impetrari.</span> 
     </span>
    </p>

    <p class='ocr_par' dir='ltr' id='par_1_4' title="bbox 90 1914 1147 3397">
     <span class='ocr_line' id='line_1_20' title="bbox 157 1914 1147 1997; baseline 0.001 -19"><span class='ocrx_word' id='word_1_150' title='bbox 157 1914 220 1978; x_wconf 85' lang='lat' dir='ltr'>Est</span> <span class='ocrx_word' id='word_1_151' title='bbox 240 1914 339 1978; x_wconf 89' lang='lat' dir='ltr'>etiam</span> <span class='ocrx_word' id='word_1_152' title='bbox 353 1914 510 1997; x_wconf 90' lang='lat' dir='ltr'>quaedam</span> <span class='ocrx_word' id='word_1_153' title='bbox 529 1915 698 1979; x_wconf 89' lang='lat' dir='ltr'>calamitas</span> <span class='ocrx_word' id='word_1_154' title='bbox 712 1915 748 1978; x_wconf 91' lang='lat' dir='ltr'>in</span> <span class='ocrx_word' id='word_1_155' title='bbox 765 1914 916 1979; x_wconf 88' lang='lat' dir='ltr'>amicitiis</span> <span class='ocrx_word' id='word_1_156' title='bbox 935 1915 1147 1979; x_wconf 81' lang='grc'>(111111111-21</span> 
     </span>
     <span class='ocr_line' id='line_1_21' title="bbox 94 2002 1096 2086; baseline 0.003 -22"><span class='ocrx_word' id='word_1_157' title='bbox 94 2002 143 2064; x_wconf 90' lang='lat' dir='ltr'>dis</span> <span class='ocrx_word' id='word_1_158' title='bbox 166 2022 232 2065; x_wconf 92' lang='lat' dir='ltr'>non</span> <span class='ocrx_word' id='word_1_159' title='bbox 254 2023 430 2085; x_wconf 90' lang='lat' dir='ltr'>numquam</span> <span class='ocrx_word' id='word_1_160' title='bbox 452 2003 735 2085; x_wconf 83' lang='grc'>1111111111;1111</span> <span class='ocrx_word' id='word_1_161' title='bbox 759 2002 844 2066; x_wconf 91' lang='lat' dir='ltr'>enim</span> <span class='ocrx_word' id='word_1_162' title='bbox 863 2026 882 2067; x_wconf 94' lang='grc'>1</span> <span class='ocrx_word' id='word_1_163' title='bbox 901 2002 1096 2086; x_wconf 86' lang='lat' dir='ltr'>sapientium</span> 
     </span>
     <span class='ocr_line' id='line_1_22' title="bbox 92 2088 1097 2174; baseline 0.004 -23"><span class='ocrx_word' id='word_1_164' title='bbox 92 2088 372 2153; x_wconf 85' lang='lat' dir='ltr'>familiaritatibus</span> <span class='ocrx_word' id='word_1_165' title='bbox 383 2088 423 2152; x_wconf 88' lang='lat' dir='ltr'>ad</span> <span class='ocrx_word' id='word_1_166' title='bbox 433 2090 584 2174; x_wconf 81' lang='lat' dir='ltr'>vulgares</span> <span class='ocrx_word' id='word_1_167' title='bbox 597 2090 756 2155; x_wconf 87' lang='lat' dir='ltr'>amicitias</span> <span class='ocrx_word' id='word_1_168' title='bbox 771 2091 875 2155; x_wconf 89' lang='grc'>111111</span> <span class='ocrx_word' id='word_1_169' title='bbox 889 2094 1003 2155; x_wconf 86' lang='grc'>111111</span> <span class='ocrx_word' id='word_1_170' title='bbox 1013 2091 1097 2155; x_wconf 89' lang='lat' dir='ltr'>dela·</span> 
     </span>
     <span class='ocr_line' id='line_1_23' title="bbox 92 2175 1097 2263; baseline 0.003 -24"><span class='ocrx_word' id='word_1_171' title='bbox 92 2176 189 2239; x_wconf 89' lang='lat' dir='ltr'>bitur.</span> <span class='ocrx_word' id='word_1_172' title='bbox 211 2175 396 2260; x_wconf 81' lang='lat' dir='ltr'>Erumpunt</span> <span class='ocrx_word' id='word_1_173' title='bbox 406 2197 501 2261; x_wconf 90' lang='lat' dir='ltr'>saepe</span> <span class='ocrx_word' id='word_1_174' title='bbox 510 2178 591 2242; x_wconf 86' lang='lat' dir='ltr'>vitia</span> <span class='ocrx_word' id='word_1_175' title='bbox 606 2178 865 2243; x_wconf 89' lang='grc'>11111111111111</span> <span class='ocrx_word' id='word_1_176' title='bbox 875 2178 910 2242; x_wconf 91' lang='lat' dir='ltr'>in</span> <span class='ocrx_word' id='word_1_177' title='bbox 920 2179 1008 2263; x_wconf 91' lang='lat' dir='ltr'>ipsos</span> <span class='ocrx_word' id='word_1_178' title='bbox 1020 2179 1097 2244; x_wconf 91' lang='lat' dir='ltr'>ami-</span> 
     </span>
     <span class='ocr_line' id='line_1_24' title="bbox 93 2263 1096 2348; baseline 0.002 -21"><span class='ocrx_word' id='word_1_179' title='bbox 93 2284 156 2346; x_wconf 88' lang='lat' dir='ltr'>cos,</span> <span class='ocrx_word' id='word_1_180' title='bbox 174 2267 245 2328; x_wconf 90' lang='lat' dir='ltr'>tum</span> <span class='ocrx_word' id='word_1_181' title='bbox 262 2264 297 2327; x_wconf 93' lang='lat' dir='ltr'>in</span> <span class='ocrx_word' id='word_1_182' title='bbox 316 2263 448 2348; x_wconf 90' lang='lat' dir='ltr'>alienos,</span> <span class='ocrx_word' id='word_1_183' title='bbox 469 2286 606 2347; x_wconf 90' lang='lat' dir='ltr'>quorum</span> <span class='ocrx_word' id='word_1_184' title='bbox 624 2269 735 2329; x_wconf 89' lang='lat' dir='ltr'>tamen</span> <span class='ocrx_word' id='word_1_185' title='bbox 749 2265 789 2330; x_wconf 93' lang='lat' dir='ltr'>ad</span> <span class='ocrx_word' id='word_1_186' title='bbox 803 2266 924 2331; x_wconf 92' lang='lat' dir='ltr'>amicos</span> <span class='ocrx_word' id='word_1_187' title='bbox 940 2267 1096 2331; x_wconf 88' lang='lat' dir='ltr'>redundat</span> 
     </span>
     <span class='ocr_line' id='line_1_25' title="bbox 92 2350 1097 2436; baseline 0.001 -21"><span class='ocrx_word' id='word_1_188' title='bbox 92 2350 235 2416; x_wconf 87' lang='lat' dir='ltr'>infamia.</span> <span class='ocrx_word' id='word_1_189' title='bbox 263 2350 357 2415; x_wconf 89' lang='lat' dir='ltr'>Tales</span> <span class='ocrx_word' id='word_1_190' title='bbox 371 2351 472 2436; x_wconf 84' lang='lat' dir='ltr'>igitur</span> <span class='ocrx_word' id='word_1_191' title='bbox 487 2351 647 2416; x_wconf 90' lang='lat' dir='ltr'>amicitiae</span> <span class='ocrx_word' id='word_1_192' title='bbox 658 2357 734 2416; x_wconf 90' lang='lat' dir='ltr'>sunt</span> <span class='ocrx_word' id='word_1_193' title='bbox 747 2354 935 2418; x_wconf 87' lang='lat' dir='ltr'>remissione</span> <span class='ocrx_word' id='word_1_194' title='bbox 945 2376 1022 2417; x_wconf 91' lang='lat' dir='ltr'>usus</span> <span class='ocrx_word' id='word_1_195' title='bbox 1032 2354 1097 2418; x_wconf 91' lang='grc'>111-</span> 
     </span>
     <span class='ocr_line' id='line_1_26' title="bbox 93 2437 1096 2524; baseline 0.001 -22"><span class='ocrx_word' id='word_1_196' title='bbox 93 2439 193 2502; x_wconf 87' lang='lat' dir='ltr'>endae</span> <span class='ocrx_word' id='word_1_197' title='bbox 211 2442 253 2520; x_wconf 93' lang='lat' dir='ltr'>et,</span> <span class='ocrx_word' id='word_1_198' title='bbox 275 2442 313 2502; x_wconf 91' lang='lat' dir='ltr'>ut</span> <span class='ocrx_word' id='word_1_199' title='bbox 336 2437 492 2504; x_wconf 84' lang='lat' dir='ltr'>Catonem</span> <span class='ocrx_word' id='word_1_200' title='bbox 515 2439 619 2503; x_wconf 87' lang='lat' dir='ltr'>dicere</span> <span class='ocrx_word' id='word_1_201' title='bbox 642 2439 759 2520; x_wconf 84' lang='lat' dir='ltr'>audivi,</span> <span class='ocrx_word' id='word_1_202' title='bbox 782 2439 969 2503; x_wconf 90' lang='lat' dir='ltr'>dissuendae</span> <span class='ocrx_word' id='word_1_203' title='bbox 990 2441 1096 2524; x_wconf 84' lang='lat' dir='ltr'>magis</span> 
     </span>
     <span class='ocr_line' id='line_1_27' title="bbox 93 2525 1095 2626; baseline 0 -36"><span class='ocrx_word' id='word_1_204' title='bbox 93 2548 191 2626; x_wconf 87' lang='lat' dir='ltr'>quam</span> <span class='ocrx_word' id='word_1_205' title='bbox 202 2525 435 2609; x_wconf 88' lang='lat' dir='ltr'>discindendae,</span> <span class='ocrx_word' id='word_1_206' title='bbox 444 2527 508 2590; x_wconf 89' lang='lat' dir='ltr'>nisi</span> <span class='ocrx_word' id='word_1_207' title='bbox 522 2526 681 2610; x_wconf 89' lang='lat' dir='ltr'>quaedam</span> <span class='ocrx_word' id='word_1_208' title='bbox 695 2527 867 2590; x_wconf 90' lang='lat' dir='ltr'>admodum</span> <span class='ocrx_word' id='word_1_209' title='bbox 880 2526 1095 2590; x_wconf 90' lang='lat' dir='ltr'>intolerabilis</span> 
     </span>
     <span class='ocr_line' id='line_1_28' title="bbox 92 2613 1096 2766; baseline 0.001 -89"><span class='ocrx_word' id='word_1_210' title='bbox 92 2614 210 2678; x_wconf 87' lang='lat' dir='ltr'>iniuria</span> <span class='ocrx_word' id='word_1_211' title='bbox 234 2614 403 2698; x_wconf 86' lang='lat' dir='ltr'>exarserit,</span> <span class='ocrx_word' id='word_1_212' title='bbox 429 2618 466 2678; x_wconf 91' lang='lat' dir='ltr'>ut</span> <span class='ocrx_word' id='word_1_213' title='bbox 484 2636 615 2766; x_wconf 80' lang='lat' dir='ltr'>nequeat</span> <span class='ocrx_word' id='word_1_214' title='bbox 605 2616 729 2679; x_wconf 90' lang='lat' dir='ltr'>rectum</span> <span class='ocrx_word' id='word_1_215' title='bbox 742 2635 844 2713; x_wconf 81' lang='lat' dir='ltr'>neque</span> <span class='ocrx_word' id='word_1_216' title='bbox 865 2613 1038 2677; x_wconf 91' lang='lat' dir='ltr'>honestum</span> <span class='ocrx_word' id='word_1_217' title='bbox 1052 2613 1096 2678; x_wconf 85' lang='lat' dir='ltr'>sit</span> 
     </span>
     <span class='ocr_line' id='line_1_29' title="bbox 91 2701 1095 2785; baseline 0 -20"><span class='ocrx_word' id='word_1_218' title='bbox 91 2701 580 2785; x_wconf 70' lang='grc'>1111111111111111111</span> <span class='ocrx_word' id='word_1_219' title='bbox 615 2701 837 2766; x_wconf 90' lang='grc'>111111111111</span> <span class='ocrx_word' id='word_1_220' title='bbox 861 2701 1095 2783; x_wconf 89' lang='lat' dir='ltr'>disiunctioque</span> 
     </span>
     <span class='ocr_line' id='line_1_30' title="bbox 91 2752 1147 2855; baseline 0.005 -5"><span class='ocrx_word' id='word_1_221' title='bbox 91 2788 243 2852; x_wconf 86' lang='lat' dir='ltr'>faciunda</span> <span class='ocrx_word' id='word_1_222' title='bbox 270 2752 424 2853; x_wconf 78' lang='grc'>1111111</span> <span class='ocrx_word' id='word_1_223' title='bbox 451 2812 491 2854; x_wconf 90' lang='lat' dir='ltr'>au</span> <span class='ocrx_word' id='word_1_224' title='bbox 493 2792 559 2853; x_wconf 90' lang='lat' dir='ltr'>tem</span> <span class='ocrx_word' id='word_1_225' title='bbox 587 2793 643 2854; x_wconf 86' lang='grc'>111</span> <span class='ocrx_word' id='word_1_226' title='bbox 671 2811 798 2853; x_wconf 91' lang='lat' dir='ltr'>morum</span> <span class='ocrx_word' id='word_1_227' title='bbox 825 2791 881 2851; x_wconf 91' lang='lat' dir='ltr'>aut</span> <span class='ocrx_word' id='word_1_228' title='bbox 867 2786 1094 2852; x_wconf 90' lang='lat' dir='ltr'>tstudiorum</span> <span class='ocrx_word' id='word_1_229' title='bbox 1114 2803 1147 2855; x_wconf 71' lang='lat'>&#39;17</span> 
     </span>
     <span class='ocr_line' id='line_1_31' title="bbox 93 2874 1095 2960; baseline 0 -22"><span class='ocrx_word' id='word_1_230' title='bbox 93 2876 304 2940; x_wconf 90' lang='lat' dir='ltr'>commutatio</span> <span class='ocrx_word' id='word_1_231' title='bbox 328 2877 497 2960; x_wconf 89' lang='lat' dir='ltr'>quaedam,</span> <span class='ocrx_word' id='word_1_232' title='bbox 520 2881 556 2941; x_wconf 90' lang='lat' dir='ltr'>ut</span> <span class='ocrx_word' id='word_1_233' title='bbox 578 2877 649 2941; x_wconf 90' lang='lat' dir='ltr'>fieri</span> <span class='ocrx_word' id='word_1_234' title='bbox 672 2876 763 2957; x_wconf 92' lang='lat' dir='ltr'>solet,</span> <span class='ocrx_word' id='word_1_235' title='bbox 785 2875 873 2939; x_wconf 85' lang='lat' dir='ltr'>facta</span> <span class='ocrx_word' id='word_1_236' title='bbox 896 2874 958 2938; x_wconf 90' lang='lat' dir='ltr'>erit</span> <span class='ocrx_word' id='word_1_237' title='bbox 981 2875 1069 2939; x_wconf 90' lang='lat' dir='ltr'>aut</span> <span class='ocrx_word' id='word_1_238' title='bbox 1059 2898 1095 2938; x_wconf 91' lang='lat' dir='ltr'>m</span> 
     </span>
     <span class='ocr_line' id='line_1_32' title="bbox 91 2960 1095 3049; baseline 0.003 -25"><span class='ocrx_word' id='word_1_239' title='bbox 91 2961 139 3025; x_wconf 92' lang='lat' dir='ltr'>rei</span> <span class='ocrx_word' id='word_1_240' title='bbox 170 2962 319 3044; x_wconf 89' lang='lat' dir='ltr'>publicae</span> <span class='ocrx_word' id='word_1_241' title='bbox 351 2965 497 3049; x_wconf 87' lang='lat' dir='ltr'>partibus</span> <span class='ocrx_word' id='word_1_242' title='bbox 529 2964 685 3028; x_wconf 88' lang='lat' dir='ltr'>dissensio</span> <span class='ocrx_word' id='word_1_243' title='bbox 716 2961 935 3027; x_wconf 87' lang='lat' dir='ltr'>intercesserit</span> <span class='ocrx_word' id='word_1_244' title='bbox 965 2960 1095 3047; x_wconf 89' lang='lat' dir='ltr'>(loquor</span> 
     </span>
     <span class='ocr_line' id='line_1_33' title="bbox 92 3049 1096 3136; baseline 0.003 -24"><span class='ocrx_word' id='word_1_245' title='bbox 92 3049 177 3112; x_wconf 90' lang='lat' dir='ltr'>enim</span> <span class='ocrx_word' id='word_1_246' title='bbox 201 3049 276 3134; x_wconf 93' lang='lat' dir='ltr'>iam,</span> <span class='ocrx_word' id='word_1_247' title='bbox 298 3055 335 3115; x_wconf 90' lang='lat' dir='ltr'>ut</span> <span class='ocrx_word' id='word_1_248' title='bbox 358 3053 454 3136; x_wconf 92' lang='lat' dir='ltr'>paulo</span> <span class='ocrx_word' id='word_1_249' title='bbox 478 3055 553 3116; x_wconf 86' lang='lat' dir='ltr'>ante</span> <span class='ocrx_word' id='word_1_250' title='bbox 577 3051 651 3134; x_wconf 87' lang='lat' dir='ltr'>dixi,</span> <span class='ocrx_word' id='word_1_251' title='bbox 668 3072 734 3114; x_wconf 93' lang='lat' dir='ltr'>non</span> <span class='ocrx_word' id='word_1_252' title='bbox 757 3050 795 3114; x_wconf 93' lang='lat' dir='ltr'>de</span> <span class='ocrx_word' id='word_1_253' title='bbox 814 3049 1017 3134; x_wconf 86' lang='lat' dir='ltr'>sapientium,</span> <span class='ocrx_word' id='word_1_254' title='bbox 1040 3052 1096 3115; x_wconf 95' lang='lat' dir='ltr'>sed</span> 
     </span>
     <span class='ocr_line' id='line_1_34' title="bbox 91 3138 1096 3222; baseline 0.002 -21"><span class='ocrx_word' id='word_1_255' title='bbox 91 3138 130 3201; x_wconf 90' lang='lat' dir='ltr'>de</span> <span class='ocrx_word' id='word_1_256' title='bbox 154 3139 375 3203; x_wconf 88' lang='lat' dir='ltr'>communibus</span> <span class='ocrx_word' id='word_1_257' title='bbox 399 3138 576 3222; x_wconf 91' lang='lat' dir='ltr'>amicitiis),</span> <span class='ocrx_word' id='word_1_258' title='bbox 599 3138 774 3203; x_wconf 87' lang='lat' dir='ltr'>cavendum</span> <span class='ocrx_word' id='word_1_259' title='bbox 798 3138 872 3220; x_wconf 91' lang='lat' dir='ltr'>erit,</span> <span class='ocrx_word' id='word_1_260' title='bbox 894 3159 935 3202; x_wconf 93' lang='lat' dir='ltr'>ne</span> <span class='ocrx_word' id='word_1_261' title='bbox 957 3160 1024 3203; x_wconf 89' lang='lat' dir='ltr'>non</span> <span class='ocrx_word' id='word_1_262' title='bbox 1047 3161 1096 3203; x_wconf 92' lang='lat' dir='ltr'>so·</span> 
     </span>
     <span class='ocr_line' id='line_1_35' title="bbox 91 3225 1095 3311; baseline 0.003 -22"><span class='ocrx_word' id='word_1_263' title='bbox 91 3226 160 3290; x_wconf 91' lang='lat' dir='ltr'>lum</span> <span class='ocrx_word' id='word_1_264' title='bbox 177 3227 338 3291; x_wconf 88' lang='lat' dir='ltr'>amicitiae</span> <span class='ocrx_word' id='word_1_265' title='bbox 353 3227 527 3309; x_wconf 87' lang='lat' dir='ltr'>depositae,</span> <span class='ocrx_word' id='word_1_266' title='bbox 542 3226 597 3290; x_wconf 90' lang='lat' dir='ltr'>sed</span> <span class='ocrx_word' id='word_1_267' title='bbox 611 3226 710 3289; x_wconf 90' lang='lat' dir='ltr'>etiam</span> <span class='ocrx_word' id='word_1_268' title='bbox 724 3225 912 3290; x_wconf 86' lang='lat' dir='ltr'>inimicitiae</span> <span class='ocrx_word' id='word_1_269' title='bbox 927 3231 1095 3311; x_wconf 90' lang='lat' dir='ltr'>susceptae</span> 
     </span>
     <span class='ocr_line' id='line_1_36' title="bbox 90 3313 1095 3397; baseline 0.002 -19"><span class='ocrx_word' id='word_1_270' title='bbox 90 3314 270 3379; x_wconf 79' lang='lat' dir='ltr'>videantur.</span> <span class='ocrx_word' id='word_1_271' title='bbox 306 3313 398 3378; x_wconf 90' lang='lat' dir='ltr'>Nihil</span> <span class='ocrx_word' id='word_1_272' title='bbox 422 3317 471 3377; x_wconf 88' lang='lat' dir='ltr'>est</span> <span class='ocrx_word' id='word_1_273' title='bbox 494 3313 580 3377; x_wconf 91' lang='lat' dir='ltr'>enim</span> <span class='ocrx_word' id='word_1_274' title='bbox 603 3313 730 3397; x_wconf 90' lang='lat' dir='ltr'>turpius</span> <span class='ocrx_word' id='word_1_275' title='bbox 754 3335 851 3397; x_wconf 89' lang='lat' dir='ltr'>quam</span> <span class='ocrx_word' id='word_1_276' title='bbox 874 3336 947 3380; x_wconf 90' lang='lat' dir='ltr'>cum</span> <span class='ocrx_word' id='word_1_277' title='bbox 970 3337 1007 3380; x_wconf 94' lang='grc' dir='ltr'>1ο</span> <span class='ocrx_word' id='word_1_278' title='bbox 1026 3315 1095 3381; x_wconf 89' lang='lat' dir='ltr'>bel-</span> 
     </span>
    </p>
   </div>
   <div class='ocr_carea' id='block_1_3' title="bbox 91 3374 1160 3628">
    <p class='ocr_par' dir='ltr' id='par_1_5' title="bbox 91 3374 1160 3628">
     <span class='ocr_line' id='line_1_37' title="bbox 91 3374 1160 3628; baseline 0.003 -164"><span class='ocrx_word' id='word_1_279' title='bbox 91 3402 160 3465; x_wconf 90' lang='lat' dir='ltr'>lum</span> <span class='ocrx_word' id='word_1_280' title='bbox 184 3423 304 3487; x_wconf 81' lang='lat' dir='ltr'>gerere,</span> <span class='ocrx_word' id='word_1_281' title='bbox 329 3422 465 3485; x_wconf 89' lang='lat' dir='ltr'>quocum</span> <span class='ocrx_word' id='word_1_282' title='bbox 486 3399 656 3465; x_wconf 89' lang='lat' dir='ltr'>familiarit</span> <span class='ocrx_word' id='word_1_283' title='bbox 642 3405 692 3465; x_wconf 89' lang='lat' dir='ltr'>ter</span> <span class='ocrx_word' id='word_1_284' title='bbox 713 3401 843 3467; x_wconf 79' lang='lat' dir='ltr'>vixeris.</span> <span class='ocrx_word' id='word_1_285' title='bbox 879 3402 931 3466; x_wconf 87' lang='lat' dir='ltr'>Ab</span> <span class='ocrx_word' id='word_1_286' title='bbox 952 3374 1160 3628; x_wconf 49' lang='lat' dir='ltr'>amici*</span> 
     </span>
     <span class='ocr_line' id='line_1_38' title="bbox 91 3487 1047 3575; baseline 0.002 -23"><span class='ocrx_word' id='word_1_287' title='bbox 91 3487 126 3562; x_wconf 81' lang='lat' dir='ltr'>Q.</span> <span class='ocrx_word' id='word_1_288' title='bbox 141 3489 276 3574; x_wconf 91' lang='lat' dir='ltr'>Pompei</span> <span class='ocrx_word' id='word_1_289' title='bbox 294 3510 366 3553; x_wconf 91' lang='lat' dir='ltr'>meo</span> <span class='ocrx_word' id='word_1_290' title='bbox 384 3488 513 3554; x_wconf 89' lang='lat' dir='ltr'>nomine</span> <span class='ocrx_word' id='word_1_291' title='bbox 534 3510 568 3555; x_wconf 89' lang='lat' dir='ltr'>se</span> <span class='ocrx_word' id='word_1_292' title='bbox 586 3493 777 3575; x_wconf 85' lang='lat' dir='ltr'>removerat,</span> <span class='ocrx_word' id='word_1_293' title='bbox 800 3490 954 3574; x_wconf 85' lang='lat' dir='ltr'>utscitis,</span> <span class='ocrx_word' id='word_1_294' title='bbox 973 3488 1047 3574; x_wconf 80' lang='lat' dir='ltr'>Scrp</span> 
     </span>
    </p>
   </div>
   <div class='ocr_carea' id='block_1_4' title="bbox 0 0 1242 3848">
    <p class='ocr_par' dir='ltr' id='par_1_6' title="bbox 0 0 1242 3848">
     <span class='ocr_line' id='line_1_39' title="bbox 0 0 1242 3848; baseline 0 0"><span class='ocrx_word' id='word_1_295' title='bbox 0 0 1242 3848; x_wconf 95' lang='lat' dir='ltr'> </span> 
     </span>
    </p>
   </div>
  </div>
 </body>
</html>
