2476 3848
551 171 791 235 -514-

167 336 224 397 aut
246 332 286 397 ad
308 335 459 396 naturam
477 335 533 396 aut
550 334 664 397 contra
682 330 739 414 sit,
762 353 782 394 a
798 334 916 395 natura
936 331 1007 415 ipsa
1028 332 1179 402 iudicari.-

165 421 215 485 Ea
238 419 314 504 quid
337 420 476 503 percipit
498 422 555 484 aut
576 418 654 504 quid
676 419 811 502 iudicat,
834 440 898 502 quo
922 422 979 483 aut
1002 423 1094 504 petat
1117 425 1178 488 aut

112 519 147 568 31
166 508 273 592 fugiat
295 507 426 591 aliquid,
448 511 576 592 praeter
597 507 799 590 voluptatem
824 509 856 570 et
878 505 1044 572 dolorem?
1090 506 1180 574 Sunt

167 601 275 660 autem
306 595 438 680 quidam
469 616 486 658 e
517 594 653 677 nostris,
688 594 742 677 qui
778 593 858 656 haec
890 594 1041 659 subtilius
1072 597 1181 662 velint

166 684 294 747 tradere
318 686 351 746 et
372 685 492 766 negent
510 683 589 746 satis
609 701 690 765 esse,
713 681 790 764 quid
807 681 929 745 bonum
952 681 997 745 sit
1017 686 1074 747 aut
1097 685 1180 767 quid

165 771 303 852 malurn,
332 791 427 834 sensu
454 769 602 852 iudicari,
634 769 690 833 sed
717 769 824 832 animo
853 768 952 832 etiam
980 792 1017 834 ac
1048 772 1180 838 ratione

166 857 312 940 intellegi
340 878 435 938 posse
462 860 495 920 et
521 857 721 939 voluptatem
748 857 853 938 ipsam
879 877 937 939 per
964 878 998 922 se
1027 879 1096 922 esse
1123 881 1180 924 ex-

166 945 338 1028 petendam
367 948 400 1007 et
427 944 569 1008 dolorem
597 943 705 1025 ipsum
732 964 791 1025 per
818 964 852 1007 se
881 965 949 1009 esse
977 944 1180 1028 fugiendum.

164 1031 278 1116 Itaque
306 1031 397 1096 aiunt
421 1031 504 1095 hanc
532 1031 626 1114 quasi
651 1029 833 1094 naturalem
856 1036 953 1114 atque
982 1032 1115 1097 insitam
1139 1035 1179 1101 in

166 1120 282 1184 animis
310 1118 430 1183 nostris
457 1118 563 1183 inesse
589 1117 769 1200 notionem,
794 1122 833 1182 ut
859 1117 997 1183 alterum
1023 1140 1093 1185 esse
1118 1143 1179 1204 ap·

165 1207 349 1291 petendum,
393 1206 528 1270 alterum
571 1203 806 1288 aspernandum
852 1205 1037 1272 sentiamus.
1104 1207 1179 1275 Alii

165 1299 286 1376 autem,
309 1293 424 1378 quibus
450 1314 510 1378 ego
534 1293 705 1376 assentior,
729 1314 801 1356 cum
824 1314 844 1357 a
865 1292 1068 1377 philosophis
1087 1316 1178 1360 com·

164 1382 312 1466 pluribus
335 1382 497 1464 permulta
515 1380 674 1464 dicantur,
697 1401 753 1466 cur
769 1400 829 1444 nec
847 1380 997 1464 voluptas
1019 1381 1055 1445 in
1076 1383 1177 1447 bonis

167 1470 210 1534 sit
239 1468 437 1533 numeranda
468 1488 527 1532 nec
557 1468 591 1531 in
623 1467 718 1531 malis
751 1466 856 1549 dolor,
891 1489 956 1533 non
985 1469 1176 1535 existimant

166 1561 314 1640 oportere
341 1556 476 1619 nimium
503 1575 564 1619 nos
592 1576 706 1619 causae
735 1554 907 1638 confidere,
935 1556 991 1619 sed
1019 1559 1052 1619 et
1079 1578 1176 1641 argu·

166 1644 373 1707 mentandum
393 1647 425 1707 et
444 1646 591 1707 accurate
616 1643 835 1707 disserendum
854 1645 887 1706 et
903 1642 1084 1707 rationibus
1100 1664 1176 1708 con·

114 1731 293 1848 10quisitis
326 1731 364 1794 de
397 1731 562 1813 voluptate
590 1733 623 1793 et
639 1722 762 1795 dolore
789 1730 1018 1813 disputandum
1044 1733 1174 1814 putant.

112 1863 146 1911 32
233 1817 295 1883 Sed
321 1820 360 1882 ut
385 1817 601 1901 perspicietis,
627 1817 711 1881 unde
739 1818 843 1882 omnis
870 1818 933 1882 iste
958 1821 1055 1882 natus
1082 1839 1176 1883 error

166 1905 210 1969 sit
240 1906 441 1986 voluptatem
474 1905 692 1969 accusantium
728 1904 932 1989 doloremque
963 1905 1175 1990 laudantium,

164 1997 269 2057 totam
291 2014 359 2056 rem
378 1991 520 2073 aperiam
539 2013 638 2075 eaque
656 1992 742 2075 ipsa,
765 2014 846 2075 quae
866 1993 906 2057 ab
927 1992 983 2057 illo
1002 1993 1171 2058 inventore

164 2079 313 2142 veritatis
336 2082 369 2141 et
395 2078 487 2160 quasi
515 2078 691 2142 architecto
720 2079 835 2144 beatae
858 2081 943 2144 vitae
971 2080 1057 2145 dicta
1084 2084 1173 2166 sunt,

165 2165 339 2248 explicabo.
387 2163 491 2229 Nemo
520 2167 606 2230 enim
635 2166 741 2249 ipsam
773 2167 986 2251 voluptatem,
1013 2169 1089 2252 quia
1116 2190 1173 2234 vo·

164 2253 273 2336 luptas
301 2252 357 2335 sit,
385 2256 575 2335 aspernatur
607 2258 663 2316 aut
698 2253 767 2318 odit
794 2258 851 2318 aut
877 2254 975 2338 fugit,
1008 2255 1064 2319 sed
1096 2255 1175 2338 quia

166 2343 403 2424 consequuntur
429 2341 540 2424 magni
568 2341 694 2406 dolores
723 2362 793 2424 eos,
824 2342 880 2426 qui
905 2342 1029 2406 ratione
1059 2343 1174 2427 volup·

165 2430 266 2492 tatem
290 2428 380 2511 sequi
401 2429 561 2511 nesciunt;
586 2450 688 2512 neque
707 2450 804 2511 porro
828 2429 998 2512 quisquam
1022 2433 1084 2508 est,
1115 2431 1174 2514 qui

166 2516 309 2579 dolorem
345 2516 465 2599 ipsum,
503 2515 578 2599 quia
609 2515 702 2580 dolor
734 2516 789 2599 sit,
826 2519 925 2598 amet,
962 2520 1175 2603 consectetur,

167 2602 303 2686 adipisci
325 2603 416 2684 velit,
439 2603 495 2667 sed
518 2603 594 2686 quia
615 2624 681 2666 non
698 2624 873 2687 numquam
892 2603 961 2667 eius
980 2603 1068 2667 modi
1090 2607 1175 2668 tem-

164 2711 243 2773 pora
270 2690 428 2773 incidunt,
455 2694 492 2753 ut
518 2690 628 2754 labore
656 2693 689 2753 et
716 2690 826 2754 dolore
849 2711 1002 2774 magnam
1030 2691 1174 2774 aliquam

164 2780 299 2862 quaerat
327 2777 535 2860 voluptatem.
595 2776 642 2841 Ut
678 2778 763 2841 enim
795 2776 835 2840 ad
869 2778 1005 2841 minima
1035 2778 1175 2863 veniam,

165 2865 236 2948 quis
263 2867 410 2928 nostrum
439 2864 702 2928 exercitationem
729 2865 831 2928 ullam
858 2865 1003 2947 corporis
1036 2866 1176 2950 suscipit

165 2952 376 3035 laboriosam,
406 2951 469 3016 nisi
501 2956 538 3015 ut
569 2951 690 3035 aliquid
727 2974 766 3016 ex
798 2974 836 3016 ea
868 2952 1026 3017 commodi
1063 2974 1175 3019 conse·

166 3038 304 3121 quatur?
332 3040 402 3123 quis
431 3042 538 3103 autem
565 3039 616 3103 vel
644 3060 717 3103 eum
744 3039 812 3104 iure
835 3038 1089 3124 reprehenderit,
1117 3042 1175 3125 qui

165 3125 200 3188 in
223 3147 261 3189 ea
283 3127 448 3209 voluptate
471 3125 656 3208 volitasse,
681 3148 777 3209 quam
799 3126 882 3190 nihil
905 3127 1074 3192 molestiae
1098 3149 1176 3194 con·

167 3217 334 3296 sequatur,
365 3214 417 3277 vel
447 3213 554 3296 illum,
587 3213 643 3297 qui
675 3213 819 3278 dolorem
852 3235 925 3277 eum
957 3213 1077 3298 fugiat,
1109 3237 1175 3299 quo

112 3317 147 3364 33
167 3299 317 3383 voluptas
340 3299 430 3363 nulla
451 3300 619 3383 pariatur?
669 3300 715 3364 At
736 3323 811 3365 vero
840 3322 895 3365 eos
924 3304 956 3364 et
985 3321 1177 3368 accusamus

168 3390 201 3450 et
219 3388 305 3450 iusto
325 3387 397 3452 odio
417 3386 626 3471 dignissimos
645 3387 801 3470 ducimus,
825 3388 879 3472 qui
896 3387 1063 3453 blanditiis
1082 3411 1177 3472 prae

69 3426 115 3630 ,
167 3475 307 3539 sentium
348 3474 552 3556 voluptatum
593 3474 725 3539 deleniti
765 3480 861 3558 atque
898 3475 1057 3560 corrupti,
1093 3498 1178 3560 quos
