2476 3848
480 206 521 217 —
566 170 631 235 257
678 178 733 216 —'

95 334 230 415 Dianae,
253 334 339 420 quod
360 334 396 398 in
413 342 475 399 suo
491 354 592 420 regno
610 333 864 419 pulcherrimum
881 337 996 400 natum
1014 338 1101 400 esset

95 423 155 488 illo
175 445 272 507 anno,
304 421 487 487 immolavit
513 421 732 507 Iphigeniam,
763 443 828 506 qua
853 421 936 486 nihil
964 426 1034 487 erat
1061 444 1100 490 eo

97 511 226 594 quidem
240 532 325 575 anno
343 514 458 574 natum
471 509 660 594 pulchrius?
691 508 893 575 Promissum
909 510 1101 594 potiusnon

95 597 278 663 faciendum
309 621 407 682 quam
437 601 507 662 tam
533 600 675 662 taetrum
705 596 831 662 facinus
864 597 1100 663 admittendum

95 685 168 750 fuit.
213 685 302 771 Ergo
326 690 359 750 et
381 685 542 771 promissa
563 706 630 751 non
651 684 798 751 facienda
819 707 885 750 non
913 708 1100 771 numquam,

95 796 200 858 neque
233 795 359 858 semper
391 773 538 858 deposita
568 773 737 838 reddenda.
783 771 817 838 Si
849 774 995 859 gladium
1027 774 1099 857 quis

97 863 183 946 apud
211 865 244 927 te
277 883 357 926 sana
387 864 496 926 mente
531 861 728 946 deposuerit,
768 865 895 945 repetat
926 861 1099 945 insaniens,

96 950 227 1014 reddere
250 953 417 1034 peccatum
440 949 492 1032 sit,
516 949 658 1014 officium
680 971 745 1015 non
766 950 906 1014 reddere.
942 947 1047 1025 Quid?
1072 950 1100 1014 si

96 1038 133 1120 is,
158 1037 213 1120 qui
236 1037 322 1122 apud
348 1042 381 1102 te
409 1037 578 1122 pecuniam
605 1037 803 1123 deposuerit,
829 1038 953 1103 bellum
980 1037 1100 1102 inferat

95 1126 231 1211 patriae,
253 1125 409 1190 reddasne
432 1125 637 1209 depositum?
669 1124 745 1190 Non
765 1126 872 1210 cred03
894 1125 996 1190 facias
1015 1126 1100 1190 enim

96 1218 211 1278 contra
233 1236 301 1278 rem
323 1213 498 1298 publicam,
522 1234 604 1298 quae
627 1213 723 1278 debet
746 1235 816 1278 esse
839 1213 1017 1278 carissima.
1048 1211 1101 1279 Sic

96 1303 209 1385 multa,
233 1323 314 1385 quae
337 1301 475 1365 honesta
496 1304 616 1365 natura
633 1300 783 1365 videntur
801 1323 880 1385 esse,
898 1301 1100 1386 temporibus

95 1389 178 1453 fiunt
204 1411 271 1454 non
297 1389 447 1472 honesta3
473 1389 579 1453 facere
605 1389 779 1472 promissa,
808 1391 897 1453 stare
925 1389 1101 1473 conventis,

96 1477 228 1542 reddere
243 1477 391 1561 deposita
404 1479 604 1541 commutata
617 1475 761 1539 utilitate
774 1476 857 1539 fiunt
874 1497 941 1540 non
953 1475 1101 1540 honesta.

96 1565 145 1631 Ac
168 1564 207 1629 de
228 1565 269 1628 iis
291 1564 429 1649 quidem,
452 1585 534 1647 quae
552 1563 702 1628 videntur
720 1583 790 1626 esse
807 1563 968 1628 utilitates
987 1566 1101 1628 contra

95 1653 256 1718 iustitiam
269 1652 477 1717 simulatione
490 1650 689 1736 prudentiae,
708 1650 789 1714 satis
809 1651 951 1715 arbitror
970 1650 1100 1715 dictum.

163 1739 225 1805 Sed
246 1741 399 1824 quoniam
417 1762 437 1805 a
455 1743 610 1823 quattuor
626 1738 773 1803 fontibus
793 1737 976 1804 honestatis
993 1739 1099 1825 primo
1119 1758 1153 1808 96

96 1830 181 1893 libro
205 1828 312 1894 officia
334 1827 495 1906 duximus,
526 1827 561 1891 in
588 1827 708 1892 eisdem
735 1848 912 1912 versemur,
944 1850 1017 1892 cum
1048 1828 1100 1891 do-

41 1937 44 1943 ’
96 1917 238 1982 cebimus
271 1939 339 2000 ea,
360 1937 443 2000 quae
474 1915 644 1980 videantur
671 1936 742 1981 esse
768 1915 864 1979 utilia
894 1937 997 2000 neque
1025 1916 1101 2000 sint,

97 2026 194 2088 quam
218 2005 284 2068 sint
306 2004 438 2069 virtutis
460 2003 599 2068 inimica.
635 2002 685 2068 Ac
707 2003 746 2069 de
769 2003 941 2088 prudentia
963 2003 1101 2087 quidem,

97 2114 195 2174 quam
217 2092 288 2156 vult
310 2092 435 2156 imitari
457 2091 597 2174 malitia,
618 2091 761 2175 itemque
784 2091 824 2156 de
849 2091 989 2176 iustitia,
1019 2114 1101 2177 quae

98 2200 224 2261 semper
260 2181 310 2242 est
345 2178 450 2261 utilis,
491 2178 693 2265 disputatum
729 2183 787 2243 est.
832 2178 988 2263 Reliquae
1025 2184 1101 2245 sunt

97 2266 179 2329 duae
206 2268 315 2348 partes
343 2265 539 2349 honestatis,
569 2288 705 2351 quarum
737 2268 840 2331 altera
862 2267 897 2331 in
920 2268 1019 2333 animi
1051 2290 1102 2332 ex·

98 2353 244 2417 callentis
263 2352 485 2437 magnitudine
504 2357 538 2418 et
554 2354 756 2439 praestantia
772 2355 922 2437 cernitur,
946 2356 1050 2420 altera
1068 2356 1102 2420 in

97 2439 353 2506 conformatione
380 2444 414 2504 et
436 2441 656 2507 moderatione
683 2441 900 2506 continentiae
927 2446 960 2506 et
982 2447 1102 2527 tempe-

96 2529 230 2594 rantiae.
307 2591 309 2594 Α

162 2616 252 2681 Utile
269 2616 441 2682 videbatur
454 2614 553 2700 Ulixi,
571 2619 608 2681 ut
622 2615 751 2699 quidem
767 2619 882 2699 poetae
896 2615 1015 2699 tragici
1028 2638 1101 2700 pro·
1112 2581 1154 2707 ξς

97 2705 246 2768 didernnt
274 2703 364 2789 (nam
391 2705 477 2789 apud
503 2703 695 2785 Homerum,
727 2706 896 2788 optumum
928 2705 1101 2788 auctorem,

96 2793 173 2856 talis
198 2793 236 2857 de
249 2791 344 2856 Ulixe
362 2793 455 2857 nulla
477 2791 616 2874 suspicio
639 2788 717 2874 est),
745 2790 801 2854 sed
819 2790 1009 2854 insimulant
1027 2811 1101 2856 eum

96 2880 283 2963 tragoediae
307 2879 513 2944 simulatione
535 2877 680 2942 insaniae
701 2877 853 2942 militiam
876 2878 1100 2964 subterfugere

96 2967 246 3031 voluisse.
277 2965 354 3032 Non
371 2968 544 3032 honestum
565 2965 744 3050 consilium,
767 2970 802 3030 at
818 2965 907 3050 utile,
930 2970 967 3031 ut
981 2967 1099 3053 aliquis

95 3055 236 3119 fortasse
261 3054 386 3138 dixerit,
408 3076 545 3140 regnare
568 3057 601 3118 et
623 3053 755 3119 Ithacae
778 3053 885 3119 vivere
909 3055 1012 3120 otiose
1027 3078 1100 3121 cum

96 3143 295 3228 parentibus,
318 3165 390 3207 cnm
413 3164 520 3225 uxore,
544 3164 615 3207 cum
637 3142 715 3206 filio.
756 3140 870 3207 Ullum
892 3146 929 3208 tu
948 3144 1042 3209 decus
1065 3145 1100 3210 in

97 3232 267 3296 cotidianis
289 3230 457 3296 laboribus
481 3234 513 3294 et
532 3230 684 3314 periculis
699 3252 771 3296 cum
785 3230 847 3296 hac
860 3233 1099 3317 tranquillitate

98 3320 324 3384 conserendum
351 3318 472 3403 putas?
503 3317 575 3404 Ego
603 3340 679 3384 vero
706 3319 805 3384 istam
833 3322 1099 3386 contemnendam

96 3410 130 3471 et
152 3407 361 3490 abiciendam,
385 3406 546 3490 quoniam,
569 3428 650 3490 quae
668 3407 807 3473 honesta
824 3429 892 3474 non
910 3409 961 3493 sit,
984 3431 1024 3473 ne
1038 3410 1099 3473 uti-

96 3492 161 3557 lem
185 3495 314 3579 quidem
337 3515 406 3560 esse
426 3493 574 3560 arbitror.
606 3494 689 3571 Quid
704 3496 789 3561 enim
803 3497 987 3562 auditurum
1001 3501 1097 3581 putas
1117 3513 1152 3569 98
1177 3578 1180 3585 Ι

151 3602 332 3658 waltrami,
346 3605 390 3651 bic.
405 3606 519 3662 »bitulona
534 3607 649 3666 artritica.
913 3607 949 3656 Ἦ
