2476 3848
121 463 155 510 65

121 1075 154 1123 66

122 2557 155 2605 67

92 3408 165 3624 h

555 194 796 258 ...446-

174 354 381 420 declarabant
406 353 442 417 in
469 375 594 417 summo
623 351 769 435 sepulcro
797 352 967 436 sphaeram
994 372 1065 416 esse
1094 353 1184 437 posi-

173 446 240 507 tam
259 463 331 506 cum
349 440 500 524 cylindro.
528 440 599 524 Ego
617 443 724 503 autem
739 461 811 503 cnm
825 441 934 504 omnia
947 440 1185 505 conlustrarem

174 530 274 594 oculis
303 526 367 614 (est
394 528 479 592 enim
507 528 546 592 ad
574 530 684 611 portas
712 525 950 612 Agragantinas
974 548 1094 611 magna
1121 527 1184 592 fre·

173 617 306 700 quentia
324 613 568 699 sepulcrorum),
590 615 733 678 animum
752 615 874 680 adverti
894 616 1097 679 columellam
1116 637 1184 681 non

174 705 310 768 multum
338 725 355 768 e
382 703 487 767 dumis
515 702 720 779 eminentem,
748 702 783 766 in
809 725 871 786 qua
894 703 999 767 inerat
1021 703 1184 786 sphaerae

172 792 276 876 figura
312 793 345 854 et
381 790 525 874 cylindri.
583 790 691 873 Atque
728 811 787 875 ego
823 791 934 854 statim
967 788 1183 872 Syracusanis

173 876 280 963 (erant
307 881 415 942 autem
442 877 603 960 principes
631 877 769 963 mecum)
797 877 862 941 dixi
891 898 940 941 me
968 877 1049 941 illud
1072 878 1182 960 ipsum

174 966 325 1030 arbitrari
349 987 431 1045 esse,
454 965 755 1048 quodquaererem.
793 964 923 1028 Inmissi
946 985 1018 1027 cum
1040 964 1182 1031 falcibus

172 1053 268 1116 multi
291 1054 471 1135 purgarunt
490 1054 522 1114 et
541 1055 733 1134 aperuerunt
755 1052 868 1116 locum.
906 1049 1068 1126 Quocum
1093 1055 1182 1134 pate·

172 1139 277 1203 factus
306 1142 390 1202 esset
418 1138 538 1222 aditus,
570 1139 611 1203 ad
643 1138 810 1204 adversam
841 1139 945 1202 basim
977 1139 1182 1204 accessimus.

172 1226 361 1310 Apparebat
393 1225 591 1309 epigramma
623 1227 726 1290 exesis
762 1227 997 1308 posterioribus
1033 1227 1182 1308 partibus

172 1314 403 1378 versiculorum
424 1313 600 1377 dimidiatis
623 1313 697 1377 l'ere.
734 1312 786 1376 Ita
803 1313 1007 1378 nobilissima
1026 1311 1182 1378 Graeciae

173 1402 296 1484 civitas,
315 1401 476 1485 quondam
494 1422 570 1464 vero
589 1400 686 1464 etiam
708 1399 901 1484 doctissima,
922 1402 971 1464 sui
990 1400 1070 1464 civis
1084 1402 1181 1465 unius

174 1489 353 1555 acutissimi
383 1492 624 1553 monumentum
657 1490 851 1572 ignorasset,
883 1488 946 1551 nisi
979 1488 1020 1552 ab
1047 1487 1181 1552 homine

173 1578 330 1660 Arpinate
349 1575 520 1640 didicisset
558 1574 619 1639 Sed
638 1575 760 1657 redeat,
782 1576 866 1638 unde
885 1575 1046 1638 aberravit
1065 1576 1181 1640 oratic.

174 1662 252 1739 Quis
276 1667 326 1728 est
349 1664 503 1744 omnium,
531 1663 587 1747 qui
609 1663 704 1726 modo
734 1683 806 1726 cum
829 1661 946 1744 Musis,
973 1661 1005 1724 id
1034 1665 1084 1726 est
1105 1682 1182 1726 cum

172 1751 374 1814 humanitate
411 1754 444 1814 et
474 1771 546 1813 cum
579 1750 739 1832 doctrina,
774 1749 894 1813 habeat
932 1748 1063 1832 aliquod
1096 1770 1180 1813 com-

175 1840 343 1919 mercium,
367 1839 421 1921 qui
440 1859 559 1901 senon
581 1837 666 1900 hunc
684 1836 947 1901 mathematicum
965 1837 1060 1900 malit
1083 1859 1182 1920 quam

173 1926 266 1990 illurn
288 1925 485 2008 tyrannum?
523 1922 557 1987 Si
580 1925 665 1987 vitae
688 1924 818 1988 modum
841 1925 1061 2006 actionemque
1085 1945 1180 2007 quae-

173 2015 287 2093 rimus,
311 2012 442 2075 alterius
461 2033 550 2075 mens
572 2010 753 2074 rationibus
778 2012 939 2095 agitandis
963 2011 1179 2094 exquirendis·

174 2120 234 2182 que
255 2099 402 2162 alebatur
421 2119 492 2160 cum
511 2097 727 2162 oblectatione
751 2099 928 2176 sollertiae,
951 2098 1006 2182 qui
1030 2102 1079 2162 est
1099 2121 1180 2162 unus

174 2185 383 2248 suavissimus
416 2189 527 2267 pastus
560 2186 752 2269 animorum,
790 2186 921 2250 alterius
953 2186 987 2248 in
1019 2185 1116 2249 caede
1149 2190 1182 2250 et

173 2271 301 2335 iniuriis
325 2293 397 2335 cum
421 2277 453 2336 et
476 2273 589 2337 diurno
613 2276 645 2336 et
667 2278 823 2338 nocturno
847 2276 942 2337 metu.
979 2272 1050 2356 Age
1070 2273 1182 2338 confer

173 2357 407 2442 Democritum,
434 2360 667 2443 Pythagoram,
695 2361 934 2445 Anaxagoram,
963 2381 1044 2444 quae
1069 2379 1181 2444 regna,

175 2470 255 2532 quas
275 2469 351 2529 opes
370 2447 485 2511 studiis
504 2469 614 2512 eorum
636 2450 669 2511 et
692 2447 957 2512 delectationibus
981 2448 1180 2531 antepones?

173 2535 319 2615 Etenim,
343 2555 424 2618 quae
443 2556 518 2617 pars
537 2539 669 2618 optuma
688 2539 737 2598 est
754 2536 788 2598 in
805 2535 949 2616 homine,
971 2535 1005 2597 in
1024 2555 1062 2597 ea
1081 2536 1181 2598 situm

175 2644 243 2687 esse
266 2643 396 2685 necesse
420 2625 469 2685 est
491 2622 583 2705 illud,
607 2622 691 2706 quod
715 2623 853 2704 quaeris,
877 2625 1053 2704 optumum.
1097 2620 1180 2697 Quid

174 2715 224 2774 est
247 2713 355 2773 autem
382 2708 417 2772 in
443 2708 572 2772 homine
597 2709 704 2792 sagaci
733 2731 769 2772 ac
797 2709 882 2773 bona
911 2712 1018 2773 mente
1041 2709 1181 2772 melius?

173 2798 253 2861 Eius
277 2798 362 2860 bono
381 2796 549 2860 fruendum
568 2800 618 2859 est
640 2796 753 2880 igitur,
777 2797 804 2859 si
824 2797 910 2859 beati
929 2818 998 2860 esse
1017 2796 1181 2879 volumus,

174 2885 294 2949 bonum
327 2889 435 2948 autern
467 2883 583 2946 mentis
616 2889 667 2947 est
697 2883 815 2965 virtus3
848 2904 925 2967 ergo
956 2884 1019 2948 hae
1052 2884 1183 2948 beatam

174 2974 275 3036 vitam
303 2971 460 3037 contineri
487 2991 615 3034 necesse
644 2973 701 3034 est.
746 2970 830 3034 Hinc
858 2971 978 3054 omnia,
1006 2992 1088 3054 quae
1111 2971 1183 3053 pul·

175 3060 264 3140 chra,
286 3059 437 3142 honesta,
466 3058 633 3140 praeclara
656 3061 743 3140 sunt,
767 3063 804 3122 ut
827 3080 926 3141 supra
949 3058 1025 3141 dixi,
1056 3059 1112 3121 sed
1135 3058 1183 3122 di·

175 3147 310 3211 cendum
333 3146 418 3210 idem
440 3146 519 3210 illud
541 3145 639 3228 paulo
663 3145 793 3209 uberius
819 3145 957 3228 videtur,
984 3145 1081 3228 plena
1104 3167 1183 3230 gau-

175 3234 300 3299 diorum
329 3236 411 3296 sunt
460 3232 511 3296 Ex
538 3233 702 3316 perpetuis
726 3238 832 3296 autem
861 3233 1026 3316 plenisque
1054 3233 1183 3317 gaudiis

176 3342 247 3384 cum
275 3321 477 3403 perspicuum
506 3320 550 3384 sit
571 3321 672 3383 vitam
699 3320 828 3384 beatam
852 3321 1000 3404 existere,
1028 3320 1185 3405 sequitur,

176 3414 273 3473 ntea
296 3408 413 3470 existat
436 3428 474 3470 ex
496 3407 674 3472 honestate.

243 3495 360 3561 sedne
379 3494 487 3558 verbis
506 3495 611 3560 solum
635 3495 833 3578 attingamus
857 3516 909 3580 ea,
931 3515 1012 3577 quae
1033 3495 1186 3560 uolumus
