2476 3848
537 202 689 267 -436
736 237 777 247 -

156 367 267 431 beate
294 365 498 430 vivendum
525 363 668 444 ferunt,
695 384 763 427 nec
786 381 972 444 suspensa
999 361 1170 425 aliorum

157 458 222 518 aut
240 455 338 518 bono
354 474 443 516 casu
459 453 523 514 aut
541 450 738 514 contrario
757 448 922 532 pendere
942 470 984 512 ex
998 448 1171 513 alterius

157 542 307 606 eventis
339 544 377 604 et
408 559 538 602 errare
570 540 772 622 coguntur,
803 536 891 600 huic
924 538 1078 618 optume
1110 536 1169 601 vi·

156 629 268 694 vendi
290 627 392 692 ratio
415 628 638 709 comparata
663 627 728 688 est.
774 623 846 688 Hic
867 627 926 688 est
947 624 1015 688 ille
1038 623 1170 688 mode-

156 720 277 799 ratus,
300 716 363 779 hic
386 714 515 796 fortis,
545 713 608 776 hic
632 713 800 795 sapiens,
827 710 889 777 hic
912 715 949 775 et
969 714 1172 777 nascenti·

156 805 226 869 bus
250 807 287 868 ct
310 801 535 867 cadentibus
560 822 640 863 cum
659 799 820 882 reliquis
842 798 1064 880 commodis,
1086 802 1172 865 tum

158 892 318 955 maxime
346 889 486 954 liberis
513 887 667 971 parebit
690 891 726 950 et
754 886 934 951 oboediet
956 882 1171 971 praecepto

157 979 221 1042 illi
244 977 379 1060 veteri,
403 997 523 1059 neque
547 975 647 1039 enim
670 974 886 1038 laetabitur
903 994 1079 1056 umquam
1098 996 1172 1040 nec

158 1064 344 1128 maerebit
366 1064 495 1145 nimis,
519 1063 616 1146 quod
636 1082 783 1144 semper
801 1061 841 1125 in
859 1082 897 1124 se
917 1061 1001 1144 ipse
1020 1083 1171 1128 omnem

159 1173 261 1234 spem
288 1153 450 1232 reponet
478 1149 556 1213 sui?
605 1149 657 1213 Ex
684 1148 746 1214 hoc
772 1149 874 1233 igitur
895 1148 1041 1213 Platonis
1073 1152 1171 1233 quasi

158 1238 295 1323 quodam
320 1241 430 1302 sancto
455 1240 654 1321 augustoque
677 1237 768 1301 fonte
790 1239 903 1301 nostra
929 1237 1032 1302 omnis
1056 1259 1171 1304 mana·

159 1326 208 1391 bit
231 1327 345 1390 oratio.

106 1375 149 1500 id
225 1414 318 1478 Unde
341 1414 442 1498 igitur
465 1413 565 1477 ordiri
587 1414 706 1477 rectius
730 1434 900 1496 possumus
924 1436 1021 1498 quarn
1042 1437 1063 1478 a
1081 1435 1172 1479 ccm-

159 1503 249 1565 muui
281 1503 414 1584 parente
445 1500 583 1565 natura?
623 1522 718 1585 quae,
755 1500 905 1585 quicquid
942 1501 1066 1585 genuit,
1101 1523 1171 1567 non

158 1589 254 1653 modo
278 1589 411 1671 animal,
435 1588 489 1652 sed
509 1590 606 1653 etiam
631 1589 715 1673 quod
738 1588 786 1652 ita
804 1592 911 1652 ortum
930 1591 1016 1651 esset
1034 1608 1051 1651 e
1069 1591 1170 1671 terra,

159 1680 195 1741 ut
214 1677 370 1758 stirpibus
390 1676 456 1739 suis
475 1676 642 1758 niteretur,
666 1677 701 1740 in
720 1697 777 1741 suo
801 1676 939 1759 quidque
958 1695 1074 1760 genere
1095 1697 1170 1759 per·

158 1765 278 1829 fectum
302 1786 371 1828 esse
394 1763 505 1827 voluit.
549 1762 662 1846 Itaque
690 1768 723 1827 et
747 1763 878 1827 arbores
905 1763 1041 1827 atritas
1065 1767 1099 1828 et
1122 1786 1172 1848 ea,

159 1873 240 1935 quae
269 1855 345 1915 sunt
370 1850 544 1914 humiliora
570 1872 672 1933 neque
701 1873 734 1914 se
762 1851 875 1915 tollere
903 1873 922 1914 a
954 1854 1041 1915 terra
1068 1852 1170 1917 altius

159 1942 310 2021 possunt,
333 1939 398 2001 alia
417 1959 542 2020 semper
563 1938 683 2021 virent,
706 1938 773 2002 alia
794 1937 901 2002 hieme
924 1938 1046 2002 nudata
1068 1960 1170 2006 verno

159 2031 305 2108 tempore
328 2024 491 2107 tepefacta
512 2024 733 2108 frondescunt,
756 2047 859 2109 neque
878 2029 927 2090 est
946 2026 1056 2108 ullum,
1081 2029 1170 2110 quod

159 2113 294 2175 nonita
316 2112 426 2193 vigeat
448 2112 598 2176 interiore
622 2113 763 2197 quodam
782 2117 872 2178 motu
891 2117 923 2177 et
942 2113 1008 2177 suis
1031 2113 1066 2178 in
1090 2136 1170 2198 quo-

160 2219 221 2281 que
240 2198 415 2262 seminibus
434 2198 580 2282 inclusis,
602 2204 639 2264 ut
657 2204 714 2265 aut
732 2201 827 2266 flores
846 2205 903 2266 aut
921 2201 1030 2285 fruges
1051 2200 1172 2266 fundat

161 2288 217 2349 aut
244 2286 356 2369 bacas,
384 2287 554 2370 omniaque
581 2287 616 2351 in
642 2289 805 2372 omnibus,
833 2292 989 2373 quantum
1020 2288 1055 2351 in
1086 2288 1170 2372 ipsis

107 2395 141 2443 38
162 2374 216 2456 sit,
243 2374 332 2437 nulla
355 2373 387 2438 vi
414 2374 608 2457 impediente
635 2375 779 2458 perfecta
808 2377 882 2440 sint.
926 2374 1068 2439 Facilius
1090 2397 1171 2441 vero

161 2461 259 2524 etiam
282 2461 317 2524 in
338 2461 467 2544 bestiis,
495 2463 580 2546 quod
607 2463 648 2526 iis
672 2485 785 2527 sensus
809 2484 828 2526 a
850 2466 968 2526 natura
990 2466 1040 2527 est
1063 2461 1172 2546 datus,

159 2548 208 2612 vis
241 2549 344 2631 ipsius
380 2553 515 2613 naturae
551 2550 690 2633 perspici
727 2553 845 2634 potest.
903 2548 1050 2633 Namque
1086 2551 1171 2615 alias

159 2636 281 2701 bestias
305 2637 414 2700 nantis
438 2658 592 2721 aquarum
615 2638 739 2702 incolas
767 2659 835 2702 esse
864 2636 981 2719 voluit,
1008 2637 1090 2702 alias
1114 2660 1172 2703 vo·

159 2724 263 2788 lucres
287 2724 374 2788 caelo
397 2724 461 2788 frui
489 2723 605 2807 libero,
633 2725 789 2807 serpentis
813 2725 982 2808 quasdam,
1010 2724 1172 2809 quasdam

161 2833 230 2875 esse
253 2811 445 2896 gradientis,
469 2810 740 2894 earumipsarum
762 2812 881 2894 partim
902 2813 1072 2896 solivagas,
1094 2834 1171 2896 par·

160 2899 221 2961 tim
240 2903 462 2983 congregatas,
480 2899 620 2963 inmanis
636 2899 726 2980 alias,
744 2900 899 2983 quasdam
914 2903 1022 2963 autem
1036 2900 1171 2983 cicures,

160 3007 226 3049 non
243 2987 349 3049 nullas
364 2986 491 3049 abditas
509 2990 658 3069 terraque
676 2990 789 3051 tectas.
819 2987 927 3070 Atque
946 3008 1056 3051 earum
1074 3008 1174 3070 quae·

162 3093 223 3154 que
247 3095 338 3136 suum
366 3076 478 3137 tenens
507 3095 637 3156 munus,
665 3096 737 3138 curn
765 3075 800 3139 in
828 3073 966 3157 disparis
995 3075 1172 3140 animantis

161 3158 262 3221 vitam
284 3161 422 3225 transire
440 3183 505 3225 non
522 3161 640 3243 possit,
664 3166 773 3227 manet
795 3161 829 3225 in
853 3161 924 3246 lege
943 3165 1087 3226 naturae.
1125 3162 1173 3227 Et

160 3247 197 3307 ut
229 3246 342 3310 bestiis
376 3248 463 3312 aliud
496 3249 552 3311 alii
584 3250 750 3333 praecipui
778 3252 940 3314 auctura
972 3249 1083 3313 datum
1112 3254 1173 3333 est,

160 3333 245 3415 quod
274 3354 367 3396 snum
395 3357 537 3417 quaeque
569 3337 687 3400 retinet
718 3359 777 3402 nec
805 3335 942 3401 discedit
968 3337 1010 3400 ab
1038 3356 1091 3420 ec,
1124 3338 1174 3404 sic

65 3390 98 3629 D
159 3419 284 3484 homini
312 3421 414 3486 multo
442 3423 592 3506 quiddam
619 3424 849 3509 praestantium
878 3424 939 3488 etsi
968 3426 1175 3507 praestantia

155 3507 276 3573 debant
299 3529 337 3574 ea
361 3508 437 3591 dici,
464 3531 546 3596 quae
574 3511 695 3575 habeut
717 3512 858 3596 aliquam
886 3511 1176 3599 comparationem,
