2476 3848
539 152 775 218 -520-

149 313 270 396 ferant,
297 313 374 397 quid
400 317 450 378 est
477 335 533 377 cnr
560 313 744 377 dubitemus
771 312 874 377 dicere
902 316 936 377 et
965 313 1163 396 sapientiam

150 405 283 485 propter
300 401 484 484 voluptates
503 400 715 484 expetendam
734 403 766 464 et
784 400 1003 482 insipientiam
1025 405 1162 484 propter

97 503 131 553 4⁷
150 489 317 554 molestias
336 509 406 553 esse
424 488 631 572 fugiendam?
666 487 852 572 Eademque
870 487 996 552 ratione
1015 509 1057 553 ne
1078 492 1164 553 tem·

149 576 330 660 perantiam
349 576 477 660 quidem
495 579 628 659 propter
642 597 677 640 se
691 574 901 658 expetendam
918 597 988 640 esse
1005 576 1163 660 dicemus,

151 663 207 727 sed
229 664 305 747 quia
327 684 440 746 pacem
463 664 580 727 animis
603 663 717 728 afferat
743 666 776 726 et
796 684 851 728 eos
876 663 968 746 quasi
987 664 1164 729 concordia

150 750 288 834 quadam
306 751 414 834 placet
430 772 468 815 ac
484 751 593 815 leniat.
634 749 864 833 Temperantia
882 754 931 815 est
949 750 1047 834 enim,
1066 773 1163 836 quae,

149 839 185 903 in
206 839 302 904 rebus
326 842 384 903 aut
405 838 591 922 expetendis
615 841 671 902 aut
692 838 854 922 fugiendis
874 841 912 902 ut
927 839 1090 903 rationem
1110 861 1163 904 se-

150 947 299 1010 quamur,
325 929 443 990 monet.
493 924 562 990 Neo
592 925 678 989 enim
705 926 784 990 satis
812 928 862 990 est
893 925 1050 1010 iudicare,
1081 927 1163 1010 quid

149 1013 332 1078 faciendum
353 1035 419 1077 non
441 1012 659 1078 faciendumve
683 1014 739 1097 sit,
762 1012 818 1077 sed
838 1017 922 1077 stare
942 1014 1041 1077 etiam
1063 1035 1161 1097 opor-

149 1103 199 1164 tet
220 1101 255 1164 in
277 1122 329 1182 eo,
352 1100 438 1183 quod
460 1101 504 1165 sit
524 1101 709 1165 iudicatum.
754 1099 903 1184 Plerique
927 1104 1049 1184 autem,
1072 1103 1162 1185 quod

149 1191 258 1252 tenere
290 1191 386 1272 atque
418 1209 545 1252 servare
576 1187 623 1271 id,
655 1187 740 1272 quod
771 1188 834 1271 ipsi
866 1191 1062 1272 statuerunt,
1091 1211 1162 1256 non

149 1278 300 1359 possunt,
327 1275 406 1340 victi
434 1279 467 1341 et
493 1275 653 1340 debilitati
686 1275 813 1340 obiecta
842 1276 948 1359 specie
979 1276 1160 1359 voluptatis

149 1362 283 1428 tradunt
304 1384 338 1427 se
360 1363 547 1428 libidinibus
570 1363 836 1447 constringendos
863 1384 937 1446 nec,
965 1363 1040 1447 quid
1063 1385 1160 1431 even·
1185 1392 1188 1398 ·

149 1454 258 1516 turum
281 1451 340 1534 sit,
366 1451 539 1533 provident
565 1452 607 1516 ob
635 1471 768 1534 eamque
796 1472 926 1515 causam
949 1454 1083 1534 propter
1105 1474 1161 1518 vo-

149 1539 308 1621 luptatem
331 1540 364 1601 et
384 1559 520 1620 parvam
542 1542 575 1602 et
596 1559 662 1603 non
685 1539 914 1622 necessariam,
942 1542 975 1602 et
1002 1560 1083 1623 quae
1106 1541 1161 1605 vel

150 1626 245 1690 aliter
266 1630 449 1709 pararetur,
472 1629 505 1690 et
530 1647 592 1709 qua
611 1626 710 1690 etiam
729 1647 837 1690 carere
855 1629 989 1709 possent
1007 1626 1077 1690 sine
1101 1627 1158 1694 do·

148 1713 231 1796 lore,
258 1716 328 1777 tum
351 1714 386 1776 in
407 1714 538 1779 morbos
566 1714 689 1798 gravis,
716 1716 786 1778 tum
811 1714 846 1777 in
869 1713 999 1797 damna,
1025 1718 1095 1778 tum
1122 1716 1160 1780 in

150 1800 306 1865 dedecora
328 1800 510 1885 incurrunt,
533 1823 628 1884 saepe
652 1801 751 1865 etiam
771 1801 881 1886 legum
902 1802 1159 1886 iudiciorumque

97 1901 131 1951 48
150 1888 262 1971 poenis
289 1887 483 1971 obligantur.
529 1887 591 1963 Qui
618 1892 726 1953 autem
748 1889 795 1952 ita
816 1889 882 1954 frui
909 1890 1023 1955 volunt
1045 1890 1159 1973 volup-

148 1976 285 2058 tatibus,
317 1979 353 2039 ut
383 1975 466 2039 nulli
496 1979 629 2059 propter
665 1998 720 2040 eas
752 1981 988 2062 consequantur
1019 1977 1159 2061 dolores,

150 2066 183 2126 et
213 2063 268 2145 qui
301 2084 393 2126 suum
424 2062 577 2127 iudicium
611 2064 766 2147 retinent,
800 2087 841 2129 ne
877 2065 1043 2149 voluptate
1078 2065 1159 2130 victi

148 2149 271 2214 faciant
288 2148 331 2232 id,
350 2149 434 2232 quod
457 2150 599 2214 sentiant
615 2173 681 2216 non
699 2173 769 2215 esse
790 2152 987 2234 faciendum,
1004 2152 1028 2216 ii
1045 2152 1159 2236 volup·

148 2239 251 2300 tatem
281 2237 456 2301 maximam
484 2237 704 2321 adipiscuntur
731 2239 1015 2321 praetermittenda
1044 2239 1160 2323 volup-

148 2326 226 2388 tate.
281 2322 382 2387 Iidem
414 2325 513 2389 etiam
545 2326 688 2391 dolorem
721 2347 816 2409 saepe
842 2327 1078 2409 perpetiuntur,
1106 2348 1159 2411 ne,

149 2412 178 2476 si
205 2411 239 2475 id
267 2433 333 2476 non
354 2411 490 2496 faciant,
516 2414 658 2478 incidant
685 2413 721 2477 in
743 2415 905 2478 maiorem.
948 2413 1159 2497 1111111111-

148 2499 315 2584 tellegitur
336 2521 396 2563 nec
418 2500 702 2584 intemperantiam
724 2505 858 2584 propter
881 2522 915 2566 se
938 2523 1008 2565 esse
1030 2501 1159 2585 fugien-

149 2587 223 2651 dam
254 2588 563 2673 temperantiamque
592 2589 816 2672 expetendam,
845 2611 912 2653 non
943 2589 1019 2673 quia
1046 2588 1160 2673 volup·

149 2677 233 2740 tates
255 2674 375 2759 fugiat,
398 2675 453 2739 sed
477 2677 553 2760 quia
574 2678 711 2741 maiores
735 2680 955 2760 consequatur.

146 2831 148 2834 ,
215 2762 338 2827 Eadem
369 2763 567 2828 fortitudinis
594 2765 678 2829 ratio
705 2765 891 2846 reperietur.
939 2762 1025 2828 Nam
1051 2785 1159 2849 neque

149 2851 298 2915 laborum
324 2850 504 2933 perfunctio
532 2872 635 2935 neque
662 2851 827 2935 perpessio
860 2851 1007 2916 dolorum
1034 2872 1091 2934 per
1122 2874 1158 2917 se

148 2937 219 3021 ipsa
247 2938 350 3003 allicit
380 2958 440 3001 nec
466 2939 624 3020 patientia
649 2960 708 3003 nec
734 2938 905 3002 assiduitas
933 2960 992 3003 nec
1023 2939 1159 3022 vigiliae

148 3047 208 3088 nec
234 3027 319 3109 ipsa,
347 3047 429 3109 quae
456 3025 618 3108 laudatur,
646 3026 818 3109 industria,
844 3048 883 3090 ne
910 3026 1067 3091 fortitudo
1090 3027 1160 3110 qui-

149 3110 230 3193 dem,
253 3112 309 3176 sed
327 3113 391 3177 ista
410 3113 582 3196 sequimur,
599 3116 636 3177 ut
654 3115 723 3178 sine
746 3135 821 3178 cura
841 3117 992 3197 metuque
1010 3113 1160 3180 vivamus

150 3198 357 3284 animumque
394 3203 427 3264 et
464 3222 593 3284 corpus,
633 3205 788 3284 quantum
823 3200 948 3265 efficere
984 3201 1160 3288 possimus,

148 3286 297 3350 molestia
333 3286 514 3352 liberemus.
572 3286 618 3353 Ut
655 3289 739 3353 enim
775 3289 890 3354 mortis
926 3292 1014 3354 metu
1051 3292 1159 3357 omnis

149 3374 275 3458 quietae
307 3373 393 3441 vitae
426 3378 530 3440 status
562 3378 783 3461 perturbatur,
819 3381 852 3440 et
883 3381 920 3441 ut
951 3378 1160 3445 succumbere

148 3462 316 3527 doloribus
354 3483 472 3545 eosque
512 3463 629 3529 humili
670 3466 777 3530 animo
813 3465 1037 3548 imbecilloque
1073 3466 1160 3532 ferre

98 2733 140 2859 le
