2476 3848
463 210 503 221 —
550 174 701 240 255,-

67 341 151 405 mari
173 340 299 406 iactura
321 340 468 406 facienda
487 341 538 425 sit,
561 341 679 427 equine
693 342 829 427 pretiosi
846 342 956 428 potius
973 343 1073 409 iactu-

67 450 138 493 ram
165 427 265 493 faeiat
293 451 335 494 an
362 429 481 494 servoli
507 430 591 494 vilis.
635 428 699 495 Hic
726 430 790 496 alio
818 452 869 495 res
891 430 1072 515 familiaris,

68 517 133 581 alio
158 516 245 580 ducit
270 517 465 581 humanitas.
502 514 548 581 ‘Si
570 517 717 582 tabulam
741 518 780 582 do
801 517 973 604 naufragio
992 519 1072 583 stul·

67 607 121 667 tus
141 604 322 688 arripuerit,
341 605 586 688 extorquebitne
605 627 676 669 eam
695 606 832 690 sapiens,
852 606 879 671 si
895 605 1072 690 potueritl'

67 691 186 776 Negat,
210 692 286 774 quia
309 692 352 756 sit
373 692 536 756 iniurium.
583 691 701 769 ‘Quidr
729 694 876 758 dominus
898 694 991 759 navis
1014 694 1073 759 eri-

67 780 176 864 pietne
200 778 326 843 suum?'
373 778 530 863 ‘Minima
558 802 624 846 non
646 781 720 865 plus
745 803 840 864 quarn
863 781 1073 867 navigantem

66 868 101 930 in
121 867 188 931 alto
208 867 308 932 eicere
327 867 365 931 de
382 867 459 932 navi
477 868 565 952 velit,
588 868 664 952 quia
687 889 747 933 sua
764 869 816 933 sit.
852 868 965 944 Quoad
987 870 1073 934 enim

67 958 258 1038 perventum
281 958 331 1019 est
354 977 401 1038 eo,
425 977 488 1038 quo
512 959 642 1040 sumpta
664 956 756 1021 navis
780 961 838 1039 est,
863 978 928 1021 non
952 957 1073 1022 domini

68 1045 118 1106 est
145 1043 250 1125 na‘vis,
282 1043 338 1106 sed
364 1043 610 1128 navigantium?
661 1042 777 1119 ‘Quidr
810 1044 929 1109 sinna
960 1045 1073 1109 tabula
1091 1061 1126 1111 90

44 1124 126 1212 sit,
151 1130 213 1196 duo
235 1130 402 1216 naufragi,
430 1131 522 1213 eique
545 1130 721 1217 sapientes,
748 1132 851 1196 sibine
874 1136 1003 1214 uterquc
1024 1154 1074 1196 ra·

68 1218 147 1302 piat,
171 1240 212 1282 an
233 1219 317 1282 alter
335 1217 428 1283 cedat
446 1217 575 1284 alteri?
600 1217 722 1284 '‘Oedat
739 1241 825 1303 vero,
848 1220 903 1284 sed
922 1221 961 1304 ei,
983 1220 1072 1285 cuius

69 1306 175 1390 magis
197 1305 327 1370 intersit
349 1305 402 1370 vel
425 1326 484 1370 sua
504 1306 558 1371 vel
580 1305 628 1370 rei
654 1306 803 1391 publicae
826 1328 922 1372 eausa
944 1306 1073 1372 vivere?
1102 1323 1106 1330 ’

70 1392 178 1476 ‘Quia
206 1393 234 1457 si
261 1393 341 1457 haec
367 1393 460 1477 paria
481 1392 517 1457 in
538 1393 709 1476 utroque?’
756 1393 902 1460 ‘Nullum
925 1395 987 1458 erit
1010 1417 1074 1459 eer-

69 1485 188 1563 tamen,
212 1481 267 1544 sed
286 1481 379 1564 quasi
398 1484 485 1546 sorte
504 1484 560 1545 aut
578 1481 725 1546 micando
744 1481 848 1546 victus
868 1482 964 1546 alteri
984 1482 1074 1546 cedet

71 1568 174 1633 alter?
221 1567 338 1643 ‘Quidr
366 1569 395 1632 si
420 1571 515 1652 pater
540 1568 618 1633 fana
645 1568 778 1653 expilat,
805 1569 968 1634 cuniculos
996 1572 1074 1654 agat

71 1657 112 1722 ad
126 1656 294 1740 aerarium,
312 1655 472 1721 indicetne
491 1655 524 1720 id
542 1656 790 1742 magistratibus
808 1655 928 1720 filius?'
961 1655 1074 1720 ‘Nefas

69 1745 104 1808 id
127 1744 255 1827 quidem
279 1747 338 1827 est,
362 1744 439 1828 quin
462 1744 561 1809 etiam
584 1743 734 1808 defendat
756 1747 891 1829 patrem,
914 1744 943 1808 si
962 1765 1075 1829 argua-

70 1832 144 1896 tur.2
192 1831 278 1897 ‘Non
303 1831 405 1916 igitur
430 1832 538 1917 patria
564 1835 710 1916 praestat
742 1832 891 1897 omnibus
923 1831 1038 1897 officiis
1046 1831 1074 1895 ?'

72 1919 187 1984 ‘Immo
218 1942 308 2002 vero,
341 1920 396 1984 sed
427 1919 492 2003 ipsi
522 1919 649 2004 patriae
681 1919 830 1985 conducit
857 1920 928 2005 pios
955 1919 1075 1984 habere

70 2008 155 2072 cives
178 2007 213 2071 in
234 2007 406 2092 parentes?
443 2006 560 2083 ‘Quidr
583 2007 612 2072 si
633 2007 836 2091 tyrannidem
860 2029 1024 2091 occupare,
1047 2007 1075 2071 si

70 2095 212 2178 patriam
247 2094 382 2179 prodere
418 2095 589 2168 conabitur¹
622 2099 732 2180 pater,
768 2096 918 2160 silebitne
952 2093 1073 2159 filius?

71 2180 187 2246 ‘Immo
210 2204 286 2247 vero
310 2183 493 2248 obsecrabit
515 2187 650 2267 patrem,
673 2205 713 2247 ne
735 2182 769 2247 id
791 2183 899 2248 faciat.
936 2180 971 2247 si
993 2183 1076 2247 nihil

70 2269 230 2354 proficiet,
262 2271 439 2351 accusabit,
470 2270 648 2335 minabitur
675 2270 787 2354 etiam,
820 2272 859 2335 ad
888 2275 1075 2355 extremum,

72 2358 100 2422 si
123 2357 163 2422 ad
185 2358 360 2442 perniciem
382 2355 507 2441 patriae
529 2378 581 2421 res
600 2358 770 2441 spectabit,
791 2358 917 2442 patriae
937 2360 1075 2423 salutem

72 2449 247 2529 anteponet
275 2444 373 2509 saluti
402 2442 527 2529 patris?
577 2442 710 2518 Quaerit
742 2444 853 2528 etiam,
886 2446 914 2509 si
946 2445 1074 2529 sapiens
1093 2461 1126 2511 91

72 2532 271 2597 adulterinos
302 2551 452 2596 nummos
485 2531 643 2614 acceperit
675 2531 849 2615 inprudens
881 2553 940 2617 pro
972 2533 1075 2616 bonis,

72 2642 144 2685 cum
171 2620 205 2684 id
231 2619 390 2702 rescierit,
417 2618 623 2683 soluturusne
651 2618 695 2682 sit
722 2639 790 2702 eos,
818 2618 847 2682 si
873 2617 924 2682 eui
951 2618 1076 2701 debeat,

71 2730 130 2792 pro
153 2707 257 2773 bonis.
301 2706 464 2792 Diogenes
488 2706 543 2789 ait,
566 2706 740 2790 Antipater
761 2708 871 2790 negat,
893 2705 944 2770 cui
966 2705 1075 2788 potius

73 2795 241 2860 assentior.
277 2793 340 2869 Qui
362 2794 472 2859 vinum
492 2793 619 2879 fugiens
642 2793 761 2858 vendat
784 2793 896 2875 sciens,
919 2791 1075 2856 debeatne
1156 2796 1158 2799 ’

72 2883 185 2945 dicere.
228 2881 305 2946 Non
330 2903 459 2947 neeesse
486 2886 581 2967 putat
608 2881 784 2967 Diogenes,
812 2879 986 2963 Antipater
1013 2879 1076 2943 viri

71 2968 150 3032 boni
177 2966 354 3034 existimat.
408 2966 497 3035 Haec
529 2974 604 3035 sunt
636 2968 728 3053 quasi
765 2965 974 3033 controversa
1005 2967 1076 3032 iura

72 3055 263 3120 Stoicorum.
312 3054 362 3120 ‘In
389 3056 549 3142 mancipio
581 3055 750 3123 vendundo
783 3054 954 3120 dicendane
986 3055 1076 3139 vitia,

70 3167 136 3208 non
160 3164 206 3226 ea,
230 3165 312 3226 quae
334 3145 398 3210 nisi
418 3146 545 3229 dixeris,
567 3145 775 3211 redhibeatur
792 3142 989 3227 mancipium
1006 3143 1076 3207 iure

72 3231 173 3314 civili,
196 3232 252 3295 sed
274 3231 367 3314 haec,
390 3234 574 3298 mendacem
598 3256 681 3316 esse,
709 3233 898 3316 aleatorem,
924 3230 1076 3316 furacem,

72 3318 268 3384 ebriosum‘?'
304 3318 413 3382 Alteri
434 3319 566 3384 dicenda
589 3321 745 3402 videntur,
769 3321 864 3385 alteri
886 3340 952 3384 non
969 3319 1076 3385 viden-

71 3411 133 3472 tur.
185 3404 236 3470 ‘si
268 3406 339 3489 quis
372 3428 486 3470 aurum
518 3408 657 3472 vendens
689 3408 885 3473 orichalcum
918 3427 951 3471 se
983 3410 1076 3492 putet
1094 3419 1128 3471 92

71 3494 222 3579 vendere,
249 3493 409 3559 indicetne
436 3493 466 3558 ei
492 3493 543 3559 vir
565 3495 668 3560 bonus
691 3517 807 3561 aurum
829 3494 911 3559 illud
934 3514 1004 3558 esse
1034 3517 1076 3559 an
1171 3552 1176 3563 .
