2476 3848
541 187 780 252 -448-

166 346 344 412 teteritas
367 345 568 410 conlocatam
589 348 697 428 putat,
724 365 926 409 cumrerum
949 367 1065 411 causas
1091 349 1180 415 alias

167 457 206 499 ex
234 436 307 499 aliis
335 437 430 516 aptas
458 435 491 497 et
517 432 708 497 necessitate
733 453 833 497 nexas
855 432 956 518 ridet,
983 434 1103 518 quibus
1136 438 1179 502 ab

167 527 297 587 aeterno
324 525 468 604 tempore
495 521 668 585 fluentibus
694 521 729 584 in
757 523 923 585 aeternum
947 521 1033 586 ratio
1061 525 1179 590 tamen

116 622 146 670 rr
168 631 321 693 mensque
334 609 526 673 moderatur.
557 607 646 672 Haec
664 607 719 670 ille
736 609 867 671 intuens
881 610 977 691 atque
993 610 1179 693 suspiciens

166 697 218 762 rel
236 698 346 781 potius
365 697 468 760 omnis
491 696 594 779 partis
613 716 748 780 orasque
771 695 1029 778 circumspiciens
1049 704 1179 782 quanta

166 806 276 849 rursus
300 784 398 847 animi
420 782 655 866 tranquillitate
677 783 819 846 humana
837 786 871 846 et
892 783 1045 848 citeriora
1067 789 1177 853 consi·

167 873 270 937 deratl
315 870 401 935 Hinc
423 871 481 934 illa
502 871 644 954 cognitio
667 869 797 934 virtutis
820 869 943 953 existit,
967 871 1178 939 efflorescunt

168 980 286 1044 genera
307 963 479 1042 partesque
502 958 671 1040 virtutum,
694 957 869 1041 invenitur,
897 957 973 1042 quid
1001 959 1059 1044 sit,
1086 962 1176 1045 quod

167 1051 285 1110 natura
303 1048 427 1129 spectet
446 1048 622 1109 extremum
644 1045 678 1108 in
696 1044 804 1127 bonis,
826 1045 901 1128 quid
919 1045 953 1110 in
970 1046 1068 1112 malis
1086 1050 1176 1115 ultu·
1213 1052 1217 1058 ’

168 1155 269 1211 mum,
287 1154 350 1216 quo
369 1132 535 1197 referenda
554 1133 620 1196 siut
638 1131 753 1214 officia,
775 1154 856 1216 quae
874 1132 1036 1216 degendae
1055 1138 1174 1223 aetatis

167 1221 250 1285 ratio
278 1220 454 1304 deligenda.
504 1221 628 1297 Quibus
659 1222 693 1282 et
724 1220 844 1284 talibus
875 1221 970 1285 rebus
1002 1224 1174 1307 exquisitis

168 1309 230 1372 hoo
253 1307 304 1372 vel
327 1309 465 1372 maxime
488 1308 638 1391 efficitur,
665 1306 750 1391 quod
779 1307 841 1371 hac
863 1307 1081 1391 disputatione
1094 1315 1173 1396 agi-

168 1417 253 1479 mus,
284 1398 321 1460 ut
350 1396 451 1459 virtus
479 1396 519 1460 ad
546 1397 640 1460 beate
666 1395 838 1460 vivendum
865 1395 908 1459 sit
934 1416 970 1461 se
998 1397 1072 1479 ipsa
1100 1421 1173 1464 con-

117 1497 149 1545 72
167 1486 267 1548 tenta.
304 1482 454 1567 Sequitur
474 1483 584 1565 tertia,
607 1505 687 1567 quae
709 1504 768 1566 per
790 1483 896 1547 omnis
918 1484 1021 1566 partis
1046 1487 1173 1569 sapien·

168 1571 233 1636 tiae
256 1574 367 1635 manat
390 1574 423 1634 et
444 1569 601 1654 funditur,
623 1592 704 1655 quae
726 1592 794 1634 rem
818 1570 941 1654 definit,
967 1591 1086 1655 genera
1109 1574 1172 1639 dis-

167 1659 280 1741 pertit,
302 1657 468 1741 sequentia
490 1657 649 1742 adiungit,
673 1658 816 1741 perfecta
839 1657 1013 1742 concludit,
1040 1680 1117 1725 vera
1141 1667 1174 1727 et

167 1746 251 1810 falsa
279 1745 444 1828 diiudicat,
471 1745 646 1809 disserendi
676 1746 759 1809 ratio
788 1749 820 1809 et
847 1745 990 1812 scientia
1034 1746 1173 1834 Exque

169 1855 241 1897 cum
263 1854 389 1896 summa
414 1832 541 1896 utilitas
565 1832 675 1895 existit
698 1832 811 1896 adres
837 1833 1073 1920 ponderandas,
1100 1840 1173 1903 tum

168 1941 316 1985 maxume
342 1920 481 2003 ingenua
508 1918 678 1982 delectatio
707 1923 739 1982 et
766 1919 863 2003 digna
891 1922 1060 2004 sapientia.
1111 1923 1172 1989 Sed

167 2008 247 2071 haec
270 2006 338 2071 otii.
384 2005 542 2070 Transeat
563 2005 649 2070 idem
670 2005 734 2070 iste
757 2007 885 2089 sapiens
909 2008 1038 2072 adrem
1064 2012 1172 2093 publi-

168 2115 240 2158 cam
262 2091 423 2156 tuendam.
459 2093 543 2169 Quid
566 2115 603 2157 eo
627 2094 731 2176 possit
753 2115 823 2158 esse
846 2096 1075 2180 praestantius,
1098 2119 1172 2163 cum

170 2179 354 2261 [contineri]
378 2180 551 2262 prudentia
568 2181 744 2246 utilitatem
762 2181 880 2246 civium
899 2187 1019 2266 cernat,
1044 2184 1172 2251 iustitia

166 2266 250 2331 nihil
277 2266 313 2330 in
340 2289 431 2332 suam
458 2268 586 2333 domum
617 2269 692 2333 iude
728 2267 862 2352 derivet,
896 2271 1027 2355 reliquis
1059 2276 1173 2339 utatur

166 2357 309 2421 tottam
330 2355 489 2440 variisque
512 2357 707 2421 virtutibus?
757 2355 906 2442 Adiunge
928 2357 1069 2424 fructum
1093 2361 1171 2426 ami-

168 2442 331 2525 citiarum,
362 2443 396 2507 in
427 2465 489 2527 quo
522 2443 623 2509 doctis
650 2445 792 2527 positum
818 2449 868 2508 est
897 2467 969 2509 cum
1001 2448 1172 2513 consilinm

167 2531 272 2594 omnis
304 2530 390 2594 vitae
422 2532 624 2596 consentiens
661 2535 694 2595 et
724 2553 826 2614 paene
863 2533 1065 2619 conspirans,
1102 2539 1172 2601 turn

167 2639 292 2682 summa
310 2617 493 2683 iucunditas
512 2640 529 2681 e
548 2619 711 2684 cotidiano
730 2619 819 2683 cultu
838 2623 933 2704 atque
951 2621 1048 2685 victu.
1087 2621 1173 2699 Quid

166 2705 246 2770 haec
272 2705 404 2769 taudem
430 2706 499 2770 rita
525 2705 698 2788 desiderat,
725 2728 788 2789 quo
811 2707 855 2770 sit
877 2706 1023 2772 beatior?
1052 2710 1104 2774 cui
1126 2732 1174 2775 re-

165 2793 266 2856 fertae
284 2796 335 2856 tot
352 2792 514 2876 tantisque
533 2793 657 2876 gaudiis
675 2793 819 2858 Fortuna
838 2795 911 2878 ipsa
929 2795 1021 2860 cedat
1038 2817 1172 2865 necesse

166 2885 225 2949 est.
270 2878 392 2955 Quodsi
415 2881 553 2962 gaudere
576 2880 696 2944 talibus
718 2880 813 2946 bouis
837 2882 950 2965 animi,
978 2883 1012 2947 id
1037 2887 1088 2949 est
1109 2886 1172 2950 vir-

165 2967 304 3049 tutibus,
331 2966 463 3031 beatum
491 2971 540 3032 est
567 2989 738 3052 omnesque
770 2968 931 3051 sapientes
962 2970 1014 3034 his
1043 2973 1172 3055 gaudiis

111 3112 134 3178 2
166 3054 381 3137 perfruuntur,
401 3055 504 3117 omnis
519 3076 574 3119 eos
593 3057 705 3119 beatos
719 3077 789 3120 esse
803 3057 948 3121 confiteri
963 3079 1094 3123 necesse
1114 3062 1174 3125 est.

86 3206 88 3209 ,
116 3118 156 3241 7}
232 3141 272 3204 A.
300 3140 449 3204 Etiamne
472 3143 506 3205 in
529 3142 672 3206 cruciatu
696 3145 791 3227 atque
813 3145 1006 3209 tormentis?

232 3233 277 3290 M.
300 3226 352 3290 An
374 3232 411 3293 tu
429 3249 480 3291 me
503 3229 537 3292 iu
556 3229 643 3293 viola
664 3232 801 3312 putabas
820 3235 876 3295 aut
894 3233 928 3295 iu
946 3253 1020 3297 rosa
1044 3233 1175 3300 dicere?

167 3313 219 3378 An
242 3314 396 3398 Epicuro,
423 3316 478 3398 qui
504 3319 630 3381 tanturn
654 3317 750 3383 modo
774 3319 879 3382 induit
905 3340 1080 3402 personam
1102 3322 1175 3405 phi·

166 3401 293 3485 losophi
316 3405 349 3464 et
372 3402 434 3466 sibi
457 3403 526 3486 ipse
548 3403 610 3468 hoc
629 3425 747 3469 nomeu
769 3406 947 3490 inscripsit,
969 3407 1074 3472 dicere
1097 3410 1176 3475 lice·

70 3458 228 3634 ἢῆ,
256 3488 506 3574 quodquidam,
533 3494 570 3554 ut
595 3491 695 3556 habet
718 3513 751 3556 se
777 3514 842 3572 res,
868 3515 920 3558 me
947 3498 1058 3561 tamen
1079 3497 1176 3580 plau·
