2476 3848
526 179 766 244 -154-

143 344 214 431 regi
245 343 360 410 civitas
393 346 450 408 aut
482 342 639 408 declarari
670 342 771 406 animi
801 341 992 427 magnitudo
1028 348 1148 428 potest.

144 430 394 515 Capessentibus
410 433 518 495 autem
531 451 601 494 rem
618 429 783 513 publicam
800 430 903 494 nihilo
922 430 1029 495 minus
1049 452 1148 514 quam

143 519 361 603 philosophis,
389 517 477 583 haud
506 517 572 582 scio
602 539 645 580 an
673 516 778 601 magis
808 517 908 582 etiam
938 521 971 582 ct
1001 519 1148 604 magnifi-

143 607 250 671 centia
276 610 310 671 et
336 605 546 691 despicientia
572 603 754 669 adhibenda
781 608 831 668 est
856 625 965 669 rerum
991 605 1147 671 humana-

143 715 229 777 rum,
257 715 353 778 quam
382 714 476 777 saepe
504 693 588 776 dico,
616 696 648 756 et
675 691 896 774 tranquillitas
920 693 1021 757 animi
1048 697 1147 778 atque

91 798 93 802 ’
145 781 315 864 securitas,
337 780 495 864 siquidem
516 801 576 845 nee
599 779 687 844 anxii
708 778 811 843 futuri
833 783 909 843 sunt
932 784 1056 845 etcum
1075 785 1147 866 gra·

91 883 126 934 ‘13
143 869 245 934 vitate
268 867 513 950 constantiaque
535 867 661 931 victuri.
697 865 786 941 Quae
807 866 956 932 faciliora
979 872 1054 932 sunt
1076 869 1147 952 phi-

144 955 304 1040 losophis,
324 977 387 1039 quo
406 955 512 1020 minus
531 955 635 1019 multa
653 957 767 1038 patent
783 954 818 1018 in
837 976 948 1019 corum
966 955 1044 1038 vita,
1064 978 1146 1041 quae

144 1042 276 1108 fortuna
301 1043 411 1126 feriat,
439 1045 472 1107 et
500 1063 563 1125 quo
590 1041 696 1105 minus
720 1041 833 1106 multis
855 1042 950 1108 rebus
975 1047 1085 1128 egent,
1114 1048 1146 1108 et

145 1131 234 1214 quia,
253 1129 372 1214 siquid
390 1130 516 1194 adversi
534 1129 674 1213 eveniat,
692 1132 761 1193 tam
780 1130 922 1214 graviter
945 1132 1058 1196 cadere
1079 1153 1147 1196 non

144 1221 290 1302 possunt.
326 1216 481 1292 Quocirca
498 1238 564 1282 non
587 1217 655 1280 sine
674 1238 771 1281 cansa
793 1217 932 1283 maiores
951 1223 1059 1283 motus
1078 1220 1146 1284 ani·

144 1326 270 1369 morum
303 1305 506 1370 concitantur
540 1304 727 1388 maioraque
755 1306 860 1369 studio
889 1305 1046 1371 efficiendi
1075 1329 1146 1372 rem

143 1393 308 1477 publicam
331 1393 517 1478 gerentibus
546 1414 643 1476 quam
671 1391 801 1475 quietis,
829 1413 892 1475 quo
920 1394 1025 1479 magis
1048 1394 1089 1458 iis
1112 1398 1146 1460 et
1213 1407 1216 1414 '

143 1480 333 1566 magnitudo
356 1484 406 1545 est
428 1480 529 1545 animi
550 1479 732 1545 adhibenda
758 1483 791 1543 et
812 1480 958 1545 vacuitas
981 1482 1022 1545 ab
1047 1502 1144 1566 ango-

142 1568 242 1634 ribus.
286 1567 339 1632 Ad
361 1589 430 1632 rem
453 1567 627 1653 gerendam
650 1569 758 1631 autem
781 1567 837 1650 qui
860 1568 994 1652 aceedit,
1022 1573 1144 1653 caveat,

142 1677 183 1720 ne
214 1656 248 1719 id
279 1655 374 1720 modo
407 1656 600 1737 consideret,
632 1677 729 1738 quam
760 1654 819 1719 illa
849 1677 901 1720 res
928 1656 1065 1720 honesta
1092 1657 1146 1740 sit,
1191 1665 1194 1672 '

144 1743 317 1807 sedetiam
340 1746 377 1806 ut
394 1743 514 1806 habeat
533 1741 690 1807 efficiendi
707 1741 911 1827 facultatem3
932 1744 1048 1828 inquo
1071 1743 1144 1827 ipso

144 1829 409 1895 considerandum
437 1833 500 1912 est,
528 1850 569 1893 ne
601 1833 658 1894 aut
683 1832 805 1894 temero
832 1831 980 1916 desperet
1011 1835 1145 1916 propter

142 1917 308 2002 ignaviam
331 1920 388 1980 aut
409 1915 505 1980 nimis
528 1916 668 1981 confidat
690 1921 824 2001 propter
847 1919 1065 2002 cupiditatem.
1106 1919 1145 1983 In

143 2005 293 2069 omnibus
316 2008 425 2068 autem
447 2003 600 2088 negotiis,
622 2004 711 2088 prius
735 2026 833 2088 quam
856 2006 1061 2092 adgrediare,
1089 2006 1144 2071 ad·

144 2090 286 2155 hibenda
309 2095 358 2155 est
380 2091 587 2175 praeparatio
610 2091 757 2176 diligens.

92 2153 134 2282 {f
210 2176 272 2242 Sed
295 2200 367 2261 eum
389 2179 533 2263 plerique
557 2179 755 2244 arbitrentur
777 2201 828 2244 res
847 2179 982 2245 bellicas
1005 2181 1144 2247 maiores

145 2286 215 2330 esse
238 2287 335 2349 quam
357 2267 513 2350 urbanas,
536 2266 708 2332 minuenda
731 2270 780 2331 est
797 2266 879 2332 haec
897 2268 1015 2353 opinio.
1046 2269 1144 2334 Multi

144 2352 230 2418 enim
252 2353 340 2418 bella
363 2375 458 2438 saepe
480 2354 708 2438 quaesiverunt
725 2358 859 2440 propter
882 2356 1006 2441 gloriae
1025 2357 1144 2440 cupidi·

143 2445 259 2525 tatem,
279 2445 376 2526 atque
393 2441 427 2504 id
444 2441 479 2506 in
496 2442 623 2527 magnis
646 2442 762 2507 animis
785 2443 987 2528 ingeniisque
1005 2445 1144 2527 plerum·

144 2550 206 2612 que
224 2529 397 2614 contingit,
421 2551 521 2612 eoque
539 2530 658 2614 magis,
681 2530 710 2594 si
728 2533 804 2594 sunt
822 2531 864 2595 ad
881 2552 949 2595 rem
968 2531 1144 2595 militarem

144 2617 214 2702 apti
240 2621 273 2681 et
300 2617 406 2701 cupidi
432 2617 593 2681 bellorum
623 2617 850 2703 gerendorum3
877 2639 951 2682 vere
979 2621 1087 2682 autem
1115 2618 1144 2682 si

143 2707 293 2770 volumus
316 2705 471 2789 iudicare,
493 2705 616 2769 multae
639 2726 690 2769 res
714 2705 892 2771 extiterunt
913 2704 1055 2770 urbanae
1078 2727 1144 2770 ma-

91 2803 124 2854 75
142 2792 227 2858 iores
251 2793 466 2875 clarioresque
490 2813 587 2875 quam
609 2791 753 2857 bellicae.
790 2792 943 2868 Quamvis
963 2793 1049 2858 enim
1063 2793 1144 2858 The·

143 2880 308 2944 mistocles
329 2880 399 2944 iure
422 2880 571 2956 laudetur
594 2883 627 2944 et
650 2880 694 2943 sit
716 2879 784 2944 eius
802 2901 921 2944 nomen
944 2902 1042 2964 quam
1056 2878 1144 2946 Solo·

142 2967 193 3030 nis
225 2966 394 3031 inlustrius
426 2967 606 3052 citcturque
638 2963 776 3032 Salamis
813 2967 1014 3034 clarissimae
1050 2970 1144 3034 testis

142 3053 312 3137 victoriae,
340 3074 422 3136 quae
453 3057 669 3138 anteponatur
695 3054 830 3120 consilio
854 3053 982 3120 Solonis
1010 3057 1054 3140 ei,
1081 3078 1144 3140 quo

142 3141 284 3224 primum
302 3141 472 3205 constituit
492 3141 717 3227 Ariopagitas,
733 3163 801 3206 non
818 3143 925 3208 minus
943 3143 1144 3228 praeclarum

142 3226 204 3292 hoe
228 3249 326 3311 quam
342 3227 425 3292 illud
441 3228 647 3294 iudicandum
665 3233 728 3312 est3
750 3229 833 3295 illud
851 3231 936 3295 enim
955 3230 1053 3295 semel
1072 3251 1145 3314 pro·

142 3313 218 3397 fuit,
249 3315 312 3380 hoc
334 3336 461 3400 semper
486 3316 631 3400 proderit
653 3317 791 3400 ciuitati3
813 3317 875 3382 hoc
897 3317 1032 3382 consilio
1055 3317 1145 3403 leges

143 3400 404 3486 Atheniensium,
436 3402 498 3468 hoc
529 3403 689 3468 maiorum
718 3404 871 3469 instituta
897 3408 1081 3488 servantum
1113 3409 1147 3469 et

128 3485 377 3630 *Themistocles
401 3489 530 3574 quidem
551 3490 634 3555 nihil
657 3490 788 3576 dixerit,
808 3490 844 3554 in
866 3511 930 3575 quo
952 3491 1023 3575 ipse
1046 3491 1147 3558 Areo-
