<?xml version="1.0" encoding="UTF-8"?>
<!DOCTYPE html PUBLIC "-//W3C//DTD XHTML 1.0 Transitional//EN"
    "http://www.w3.org/TR/xhtml1/DTD/xhtml1-transitional.dtd">
<html xmlns="http://www.w3.org/1999/xhtml" xml:lang="en" lang="en">
 <head>
  <title>
</title>
<meta http-equiv="Content-Type" content="text/html;charset=utf-8" />
  <meta name='ocr-system' content='tesseract 3.04.00' />
  <meta name='ocr-capabilities' content='ocr_page ocr_carea ocr_par ocr_line ocrx_word'/>
</head>
<body>
  <div class='ocr_page' id='page_1' title='image "./cicerosphilosop01cicegoog_0267.png"; bbox 0 0 2476 3848; ppageno 0'>
   <div class='ocr_carea' id='block_1_1' title="bbox 543 178 781 244">
    <p class='ocr_par' dir='ltr' id='par_1_1' title="bbox 543 178 781 244">
     <span class='ocr_line' id='line_1_1' title="bbox 543 178 781 244; baseline -0.017 0"><span class='ocrx_word' id='word_1_1' title='bbox 543 178 781 244; x_wconf 80' lang='lat'>-250-</span> 
     </span>
    </p>
   </div>
   <div class='ocr_carea' id='block_1_2' title="bbox 60 337 1172 3634">
    <p class='ocr_par' dir='ltr' id='par_1_2' title="bbox 109 337 1172 1827">
     <span class='ocr_line' id='line_1_2' title="bbox 161 337 1172 424; baseline -0.002 -18"><span class='ocrx_word' id='word_1_2' title='bbox 161 345 214 406; x_wconf 92' lang='lat' dir='ltr'>tus</span> <span class='ocrx_word' id='word_1_3' title='bbox 239 362 322 424; x_wconf 89' lang='lat' dir='ltr'>esse,</span> <span class='ocrx_word' id='word_1_4' title='bbox 351 340 407 424; x_wconf 91' lang='lat' dir='ltr'>qui</span> <span class='ocrx_word' id='word_1_5' title='bbox 429 362 464 405; x_wconf 90' lang='lat' dir='ltr'>re</span> <span class='ocrx_word' id='word_1_6' title='bbox 486 362 564 406; x_wconf 84' lang='lat' dir='ltr'>vera</span> <span class='ocrx_word' id='word_1_7' title='bbox 585 361 651 404; x_wconf 90' lang='lat' dir='ltr'>non</span> <span class='ocrx_word' id='word_1_8' title='bbox 674 343 759 404; x_wconf 88' lang='lat' dir='ltr'>esset</span> <span class='ocrx_word' id='word_1_9' title='bbox 781 339 888 423; x_wconf 88' lang='lat' dir='ltr'>heres,</span> <span class='ocrx_word' id='word_1_10' title='bbox 915 339 951 404; x_wconf 92' lang='lat' dir='ltr'>in</span> <span class='ocrx_word' id='word_1_11' title='bbox 972 337 1059 424; x_wconf 93' lang='lat' dir='ltr'>foro,</span> <span class='ocrx_word' id='word_1_12' title='bbox 1087 339 1172 404; x_wconf 91' lang='lat' dir='ltr'>mihi</span> 
     </span>
     <span class='ocr_line' id='line_1_3' title="bbox 162 426 1172 512; baseline -0.001 -19"><span class='ocrx_word' id='word_1_13' title='bbox 162 429 263 512; x_wconf 88' lang='lat' dir='ltr'>crede,</span> <span class='ocrx_word' id='word_1_14' title='bbox 286 429 431 493; x_wconf 85' lang='lat' dir='ltr'>saltaret.</span> <span class='ocrx_word' id='word_1_15' title='bbox 464 426 571 492; x_wconf 88' lang='lat' dir='ltr'>Homo</span> <span class='ocrx_word' id='word_1_16' title='bbox 596 431 705 491; x_wconf 90' lang='lat' dir='ltr'>autem</span> <span class='ocrx_word' id='word_1_17' title='bbox 726 427 832 491; x_wconf 90' lang='lat' dir='ltr'>iustus</span> <span class='ocrx_word' id='word_1_18' title='bbox 854 427 955 510; x_wconf 89' lang='lat' dir='ltr'>isque,</span> <span class='ocrx_word' id='word_1_19' title='bbox 979 448 1076 510; x_wconf 91' lang='lat' dir='ltr'>quem</span> <span class='ocrx_word' id='word_1_20' title='bbox 1099 449 1172 492; x_wconf 88' lang='lat' dir='ltr'>sen-</span> 
     </span>
     <span class='ocr_line' id='line_1_4' title="bbox 161 514 1172 599; baseline 0 -19"><span class='ocrx_word' id='word_1_21' title='bbox 161 516 261 580; x_wconf 93' lang='lat' dir='ltr'>timus</span> <span class='ocrx_word' id='word_1_22' title='bbox 283 517 390 592; x_wconf 86' lang='lat' dir='ltr'>virum</span> <span class='ocrx_word' id='word_1_23' title='bbox 411 516 542 599; x_wconf 91' lang='lat' dir='ltr'>bonum,</span> <span class='ocrx_word' id='word_1_24' title='bbox 562 515 647 579; x_wconf 89' lang='lat' dir='ltr'><strong>nihil</strong></span> <span class='ocrx_word' id='word_1_25' title='bbox 665 514 822 598; x_wconf 82' lang='lat' dir='ltr'><strong>cuiquam,</strong></span> <span class='ocrx_word' id='word_1_26' title='bbox 836 515 932 598; x_wconf 93' lang='lat' dir='ltr'>-quod</span> <span class='ocrx_word' id='word_1_27' title='bbox 949 515 985 578; x_wconf 91' lang='lat' dir='ltr'>in</span> <span class='ocrx_word' id='word_1_28' title='bbox 1006 535 1041 579; x_wconf 87' lang='lat' dir='ltr'>se</span> <span class='ocrx_word' id='word_1_29' title='bbox 1063 518 1172 580; x_wconf 86' lang='lat' dir='ltr'>trans-</span> 
     </span>
     <span class='ocr_line' id='line_1_5' title="bbox 160 602 1171 688; baseline 0 -21"><span class='ocrx_word' id='word_1_30' title='bbox 160 603 258 688; x_wconf 89' lang='lat' dir='ltr'>ferat,</span> <span class='ocrx_word' id='word_1_31' title='bbox 286 604 444 668; x_wconf 78' lang='lat' dir='ltr'>detrahet.</span> <span class='ocrx_word' id='word_1_32' title='bbox 488 603 560 668; x_wconf 89' lang='lat' dir='ltr'>Hoc</span> <span class='ocrx_word' id='word_1_33' title='bbox 587 603 643 686; x_wconf 90' lang='lat' dir='ltr'>qui</span> <span class='ocrx_word' id='word_1_34' title='bbox 670 602 863 686; x_wconf 76' lang='lat' dir='ltr'>admiratur,</span> <span class='ocrx_word' id='word_1_35' title='bbox 889 602 919 666; x_wconf 86' lang='lat' dir='ltr'>is</span> <span class='ocrx_word' id='word_1_36' title='bbox 947 624 995 685; x_wconf 90' lang='lat' dir='ltr'>se,</span> <span class='ocrx_word' id='word_1_37' title='bbox 1024 602 1100 686; x_wconf 89' lang='lat' dir='ltr'>quid</span> <span class='ocrx_word' id='word_1_38' title='bbox 1126 603 1171 667; x_wconf 91' lang='lat' dir='ltr'>sit</span> 
     </span>
     <span class='ocr_line' id='line_1_6' title="bbox 109 690 1171 774; baseline 0 -19"><span class='ocrx_word' id='word_1_39' title='bbox 109 707 143 756; x_wconf 75' lang='lat'>76</span> <span class='ocrx_word' id='word_1_40' title='bbox 161 692 212 755; x_wconf 84' lang='lat' dir='ltr'>vir</span> <span class='ocrx_word' id='word_1_41' title='bbox 233 693 351 774; x_wconf 92' lang='lat' dir='ltr'>bonus,</span> <span class='ocrx_word' id='word_1_42' title='bbox 373 691 496 756; x_wconf 87' lang='lat' dir='ltr'>nescire</span> <span class='ocrx_word' id='word_1_43' title='bbox 518 690 668 755; x_wconf 83' lang='lat' dir='ltr'>fateatur.</span> <span class='ocrx_word' id='word_1_44' title='bbox 714 691 760 754; x_wconf 92' lang='lat' dir='ltr'>At</span> <span class='ocrx_word' id='word_1_45' title='bbox 782 712 875 774; x_wconf 84' lang='lat' dir='ltr'>vero,</span> <span class='ocrx_word' id='word_1_46' title='bbox 898 690 927 754; x_wconf 91' lang='lat' dir='ltr'>si</span> <span class='ocrx_word' id='word_1_47' title='bbox 950 690 1006 773; x_wconf 92' lang='lat' dir='ltr'>qui</span> <span class='ocrx_word' id='word_1_48' title='bbox 1028 691 1171 755; x_wconf 86' lang='lat' dir='ltr'>voluerit</span> 
     </span>
     <span class='ocr_line' id='line_1_7' title="bbox 162 778 1171 863; baseline 0.001 -20"><span class='ocrx_word' id='word_1_49' title='bbox 162 779 262 844; x_wconf 89' lang='lat' dir='ltr'>animi</span> <span class='ocrx_word' id='word_1_50' title='bbox 279 779 330 843; x_wconf 93' lang='lat' dir='ltr'>sui</span> <span class='ocrx_word' id='word_1_51' title='bbox 347 779 574 863; x_wconf 79' lang='lat' dir='ltr'>complicatam</span> <span class='ocrx_word' id='word_1_52' title='bbox 592 778 757 843; x_wconf 91' lang='lat' dir='ltr'>notionem</span> <span class='ocrx_word' id='word_1_53' title='bbox 777 778 934 861; x_wconf 84' lang='lat' dir='ltr'>evolvere,</span> <span class='ocrx_word' id='word_1_54' title='bbox 955 778 1022 842; x_wconf 91' lang='lat' dir='ltr'>iam</span> <span class='ocrx_word' id='word_1_55' title='bbox 1045 798 1080 843; x_wconf 88' lang='lat' dir='ltr'>se</span> <span class='ocrx_word' id='word_1_56' title='bbox 1097 778 1171 862; x_wconf 88' lang='lat' dir='ltr'>ipse</span> 
     </span>
     <span class='ocr_line' id='line_1_8' title="bbox 162 865 1170 950; baseline 0 -19"><span class='ocrx_word' id='word_1_57' title='bbox 162 867 275 932; x_wconf 89' lang='lat' dir='ltr'>doceat</span> <span class='ocrx_word' id='word_1_58' title='bbox 294 888 367 932; x_wconf 89' lang='lat' dir='ltr'>eum</span> <span class='ocrx_word' id='word_1_59' title='bbox 384 866 489 930; x_wconf 83' lang='lat' dir='ltr'>virum</span> <span class='ocrx_word' id='word_1_60' title='bbox 507 867 629 930; x_wconf 91' lang='lat' dir='ltr'>bonum</span> <span class='ocrx_word' id='word_1_61' title='bbox 647 887 726 949; x_wconf 89' lang='lat' dir='ltr'>esse,</span> <span class='ocrx_word' id='word_1_62' title='bbox 749 866 805 949; x_wconf 92' lang='lat' dir='ltr'>qui</span> <span class='ocrx_word' id='word_1_63' title='bbox 822 865 935 949; x_wconf 86' lang='lat' dir='ltr'>prosit,</span> <span class='ocrx_word' id='word_1_64' title='bbox 959 865 1076 948; x_wconf 89' lang='lat' dir='ltr'>quibus</span> <span class='ocrx_word' id='word_1_65' title='bbox 1095 888 1170 950; x_wconf 90' lang='lat' dir='ltr'>pos·</span> 
     </span>
     <span class='ocr_line' id='line_1_9' title="bbox 161 951 1170 1038; baseline 0.001 -20"><span class='ocrx_word' id='word_1_66' title='bbox 161 954 214 1038; x_wconf 90' lang='lat' dir='ltr'>sit,</span> <span class='ocrx_word' id='word_1_67' title='bbox 235 957 351 1019; x_wconf 89' lang='lat' dir='ltr'>noceat</span> <span class='ocrx_word' id='word_1_68' title='bbox 372 953 494 1017; x_wconf 91' lang='lat' dir='ltr'>nemini</span> <span class='ocrx_word' id='word_1_69' title='bbox 515 954 579 1017; x_wconf 91' lang='lat' dir='ltr'>nisi</span> <span class='ocrx_word' id='word_1_70' title='bbox 601 953 770 1018; x_wconf 88' lang='lat' dir='ltr'>lacessitus</span> <span class='ocrx_word' id='word_1_71' title='bbox 793 953 919 1017; x_wconf 90' lang='lat' dir='ltr'>iniuria.</span> <span class='ocrx_word' id='word_1_72' title='bbox 961 951 1044 1027; x_wconf 84' lang='lat' dir='ltr'>Quid</span> <span class='ocrx_word' id='word_1_73' title='bbox 1066 955 1170 1038; x_wconf 85' lang='lat' dir='ltr'>crgo?</span> 
     </span>
     <span class='ocr_line' id='line_1_10' title="bbox 161 1040 1170 1125; baseline 0.002 -20"><span class='ocrx_word' id='word_1_74' title='bbox 161 1041 297 1106; x_wconf 90' lang='lat' dir='ltr'>hicnon</span> <span class='ocrx_word' id='word_1_75' title='bbox 314 1045 438 1125; x_wconf 88' lang='lat' dir='ltr'>noceat,</span> <span class='ocrx_word' id='word_1_76' title='bbox 461 1041 517 1124; x_wconf 94' lang='lat' dir='ltr'>qui</span> <span class='ocrx_word' id='word_1_77' title='bbox 540 1041 679 1124; x_wconf 91' lang='lat' dir='ltr'>quodam</span> <span class='ocrx_word' id='word_1_78' title='bbox 698 1041 791 1125; x_wconf 87' lang='lat' dir='ltr'>quasi</span> <span class='ocrx_word' id='word_1_79' title='bbox 809 1062 930 1105; x_wconf 87' lang='lat' dir='ltr'>veneno</span> <span class='ocrx_word' id='word_1_80' title='bbox 952 1040 1109 1124; x_wconf 89' lang='lat' dir='ltr'>perficiat,</span> <span class='ocrx_word' id='word_1_81' title='bbox 1133 1046 1170 1107; x_wconf 91' lang='lat' dir='ltr'>ut</span> 
     </span>
     <span class='ocr_line' id='line_1_11' title="bbox 161 1128 1168 1211; baseline 0.002 -19"><span class='ocrx_word' id='word_1_82' title='bbox 161 1150 255 1193; x_wconf 87' lang='lat' dir='ltr'>veros</span> <span class='ocrx_word' id='word_1_83' title='bbox 278 1128 411 1193; x_wconf 87' lang='lat' dir='ltr'>heredes</span> <span class='ocrx_word' id='word_1_84' title='bbox 434 1132 573 1211; x_wconf 90' lang='lat' dir='ltr'>moveat,</span> <span class='ocrx_word' id='word_1_85' title='bbox 595 1129 630 1192; x_wconf 91' lang='lat' dir='ltr'>in</span> <span class='ocrx_word' id='word_1_86' title='bbox 652 1149 762 1193; x_wconf 88' lang='lat' dir='ltr'>eorum</span> <span class='ocrx_word' id='word_1_87' title='bbox 781 1129 888 1193; x_wconf 91' lang='lat' dir='ltr'>locum</span> <span class='ocrx_word' id='word_1_88' title='bbox 906 1128 977 1211; x_wconf 88' lang='lat' dir='ltr'>ipse</span> <span class='ocrx_word' id='word_1_89' title='bbox 995 1128 1168 1194; x_wconf 74' lang='lat' dir='ltr'>succedat?</span> 
     </span>
     <span class='ocr_line' id='line_1_12' title="bbox 162 1215 1169 1301; baseline 0.002 -21"><span class='ocrx_word' id='word_1_90' title='bbox 162 1215 248 1281; x_wconf 75' lang='lat' dir='ltr'>‘Non</span> <span class='ocrx_word' id='word_1_91' title='bbox 270 1217 372 1301; x_wconf 85' lang='lat' dir='ltr'>igitur</span> <span class='ocrx_word' id='word_1_92' title='bbox 393 1215 514 1300; x_wconf 88' lang='lat' dir='ltr'>faciat’,</span> <span class='ocrx_word' id='word_1_93' title='bbox 537 1216 654 1280; x_wconf 85' lang='lat' dir='ltr'>dixerit</span> <span class='ocrx_word' id='word_1_94' title='bbox 676 1217 759 1300; x_wconf 77' lang='lat' dir='ltr'>quiS,</span> <span class='ocrx_word' id='word_1_95' title='bbox 782 1215 879 1299; x_wconf 75' lang='lat' dir='ltr'>‘quod</span> <span class='ocrx_word' id='word_1_96' title='bbox 902 1216 982 1280; x_wconf 91' lang='lat' dir='ltr'>utile</span> <span class='ocrx_word' id='word_1_97' title='bbox 1006 1216 1058 1299; x_wconf 88' lang='lat' dir='ltr'>sit,</span> <span class='ocrx_word' id='word_1_98' title='bbox 1082 1217 1169 1300; x_wconf 92' lang='lat' dir='ltr'>quod</span> 
     </span>
     <span class='ocr_line' id='line_1_13' title="bbox 162 1303 1168 1390; baseline 0.002 -21"><span class='ocrx_word' id='word_1_99' title='bbox 162 1303 345 1387; x_wconf 76' lang='lat' dir='ltr'>expediat?</span> <span class='ocrx_word' id='word_1_100' title='bbox 389 1303 493 1369; x_wconf 90' lang='lat' dir='ltr'>Immo</span> <span class='ocrx_word' id='word_1_101' title='bbox 525 1305 697 1390; x_wconf 80' lang='lat' dir='ltr'>intellegat</span> <span class='ocrx_word' id='word_1_102' title='bbox 727 1303 811 1368; x_wconf 87' lang='lat' dir='ltr'>nihil</span> <span class='ocrx_word' id='word_1_103' title='bbox 841 1325 901 1369; x_wconf 89' lang='lat' dir='ltr'>nec</span> <span class='ocrx_word' id='word_1_104' title='bbox 933 1304 1081 1388; x_wconf 82' lang='lat' dir='ltr'>expedire</span> <span class='ocrx_word' id='word_1_105' title='bbox 1109 1327 1168 1371; x_wconf 88' lang='lat' dir='ltr'>nec</span> 
     </span>
     <span class='ocr_line' id='line_1_14' title="bbox 161 1391 1167 1476; baseline 0 -20"><span class='ocrx_word' id='word_1_106' title='bbox 161 1392 242 1458; x_wconf 92' lang='lat' dir='ltr'>utile</span> <span class='ocrx_word' id='word_1_107' title='bbox 265 1414 349 1476; x_wconf 87' lang='lat' dir='ltr'>esse,</span> <span class='ocrx_word' id='word_1_108' title='bbox 376 1394 461 1476; x_wconf 91' lang='lat' dir='ltr'>quod</span> <span class='ocrx_word' id='word_1_109' title='bbox 489 1392 533 1457; x_wconf 91' lang='lat' dir='ltr'>sit</span> <span class='ocrx_word' id='word_1_110' title='bbox 559 1393 729 1475; x_wconf 84' lang='lat' dir='ltr'>iniustum3</span> <span class='ocrx_word' id='word_1_111' title='bbox 755 1392 817 1456; x_wconf 90' lang='lat' dir='ltr'>hoc</span> <span class='ocrx_word' id='word_1_112' title='bbox 841 1391 983 1475; x_wconf 91' lang='lat' dir='ltr'>quinon</span> <span class='ocrx_word' id='word_1_113' title='bbox 1012 1391 1167 1475; x_wconf 86' lang='lat' dir='ltr'>didicerit,</span> 
     </span>
     <span class='ocr_line' id='line_1_15' title="bbox 109 1478 1168 1564; baseline 0.001 -20"><span class='ocrx_word' id='word_1_114' title='bbox 109 1497 142 1545; x_wconf 75' lang='lat'>‘17</span> <span class='ocrx_word' id='word_1_115' title='bbox 161 1480 265 1544; x_wconf 92' lang='lat' dir='ltr'>bonus</span> <span class='ocrx_word' id='word_1_116' title='bbox 288 1480 339 1544; x_wconf 84' lang='lat' dir='ltr'>vir</span> <span class='ocrx_word' id='word_1_117' title='bbox 361 1501 430 1549; x_wconf 89' lang='lat' dir='ltr'>esse</span> <span class='ocrx_word' id='word_1_118' title='bbox 452 1503 519 1545; x_wconf 91' lang='lat' dir='ltr'>non</span> <span class='ocrx_word' id='word_1_119' title='bbox 540 1480 670 1564; x_wconf 91' lang='lat' dir='ltr'>poterit.</span> <span class='ocrx_word' id='word_1_120' title='bbox 707 1478 739 1546; x_wconf 82' lang='grc'>0.</span> <span class='ocrx_word' id='word_1_121' title='bbox 762 1479 941 1544; x_wconf 84' lang='lat' dir='ltr'>Fimbriam</span> <span class='ocrx_word' id='word_1_122' title='bbox 964 1480 1168 1545; x_wconf 87' lang='lat' dir='ltr'>consularem</span> 
     </span>
     <span class='ocr_line' id='line_1_16' title="bbox 162 1566 1166 1653; baseline 0 -21"><span class='ocrx_word' id='word_1_123' title='bbox 162 1569 331 1632; x_wconf 89' lang='lat' dir='ltr'>audiebam</span> <span class='ocrx_word' id='word_1_124' title='bbox 359 1568 396 1632; x_wconf 93' lang='lat' dir='ltr'>de</span> <span class='ocrx_word' id='word_1_125' title='bbox 427 1572 520 1653; x_wconf 89' lang='lat' dir='ltr'>patre</span> <span class='ocrx_word' id='word_1_126' title='bbox 551 1572 663 1632; x_wconf 91' lang='lat' dir='ltr'>nostro</span> <span class='ocrx_word' id='word_1_127' title='bbox 691 1589 771 1651; x_wconf 89' lang='lat' dir='ltr'>puer</span> <span class='ocrx_word' id='word_1_128' title='bbox 798 1567 935 1631; x_wconf 89' lang='lat' dir='ltr'>iudicem</span> <span class='ocrx_word' id='word_1_129' title='bbox 961 1567 1004 1634; x_wconf 77' lang='lat' dir='ltr'>M</span> <span class='ocrx_word' id='word_1_130' title='bbox 1032 1566 1166 1632; x_wconf 90' lang='lat' dir='ltr'>Lutatio</span> 
     </span>
     <span class='ocr_line' id='line_1_17' title="bbox 160 1655 1166 1739; baseline 0 -19"><span class='ocrx_word' id='word_1_131' title='bbox 160 1655 310 1720; x_wconf 87' lang='lat' dir='ltr'>Pinthiae</span> <span class='ocrx_word' id='word_1_132' title='bbox 331 1655 444 1738; x_wconf 90' lang='lat' dir='ltr'>fuisse,</span> <span class='ocrx_word' id='word_1_133' title='bbox 472 1655 573 1738; x_wconf 91' lang='lat' dir='ltr'>equiti</span> <span class='ocrx_word' id='word_1_134' title='bbox 596 1656 744 1719; x_wconf 87' lang='lat' dir='ltr'>Romano</span> <span class='ocrx_word' id='word_1_135' title='bbox 767 1677 844 1719; x_wconf 91' lang='lat' dir='ltr'>sane</span> <span class='ocrx_word' id='word_1_136' title='bbox 867 1655 1019 1739; x_wconf 88' lang='lat' dir='ltr'>honesto,</span> <span class='ocrx_word' id='word_1_137' title='bbox 1042 1677 1115 1720; x_wconf 90' lang='lat' dir='ltr'>cum</span> <span class='ocrx_word' id='word_1_138' title='bbox 1137 1656 1166 1720; x_wconf 87' lang='lat' dir='ltr'>is</span> 
     </span>
     <span class='ocr_line' id='line_1_18' title="bbox 161 1741 1167 1827; baseline 0.001 -20"><span class='ocrx_word' id='word_1_139' title='bbox 161 1744 368 1827; x_wconf 88' lang='lat' dir='ltr'>sponsionem</span> <span class='ocrx_word' id='word_1_140' title='bbox 389 1743 532 1826; x_wconf 88' lang='lat' dir='ltr'>fecisset,</span> <span class='ocrx_word' id='word_1_141' title='bbox 561 1761 599 1807; x_wconf 82' lang='lat' dir='ltr'>ur</span> <span class='ocrx_word' id='word_1_142' title='bbox 621 1761 680 1807; x_wconf 78' lang='lat' dir='ltr'>vm</span> <span class='ocrx_word' id='word_1_143' title='bbox 702 1759 814 1809; x_wconf 80' lang='lat' dir='ltr'>nonus</span> <span class='ocrx_word' id='word_1_144' title='bbox 837 1759 953 1808; x_wconf 79' lang='lat' dir='ltr'>nssnr.</span> <span class='ocrx_word' id='word_1_145' title='bbox 996 1741 1112 1826; x_wconf 91' lang='lat' dir='ltr'>Itaque</span> <span class='ocrx_word' id='word_1_146' title='bbox 1137 1744 1167 1808; x_wconf 91' lang='lat' dir='ltr'>ei</span> 
     </span>
    </p>

    <p class='ocr_par' dir='ltr' id='par_1_3' title="bbox 60 1830 1167 2878">
     <span class='ocr_line' id='line_1_19' title="bbox 60 1830 1166 1915; baseline -0.001 -20"><span class='ocrx_word' id='word_1_147' title='bbox 60 1902 64 1913; x_wconf 85' lang='lat'><strong><em>.</em></strong></span> <span class='ocrx_word' id='word_1_148' title='bbox 161 1831 279 1895; x_wconf 85' lang='lat' dir='ltr'>dixisse</span> <span class='ocrx_word' id='word_1_149' title='bbox 292 1830 471 1894; x_wconf 85' lang='lat' dir='ltr'>Fimbriam</span> <span class='ocrx_word' id='word_1_150' title='bbox 489 1852 524 1894; x_wconf 91' lang='lat' dir='ltr'>se</span> <span class='ocrx_word' id='word_1_151' title='bbox 540 1830 634 1893; x_wconf 91' lang='lat' dir='ltr'>illam</span> <span class='ocrx_word' id='word_1_152' title='bbox 652 1852 721 1894; x_wconf 88' lang='lat' dir='ltr'>rem</span> <span class='ocrx_word' id='word_1_153' title='bbox 740 1852 919 1913; x_wconf 89' lang='lat' dir='ltr'>numquam</span> <span class='ocrx_word' id='word_1_154' title='bbox 940 1830 1166 1915; x_wconf 88' lang='lat' dir='ltr'>iudicaturum,</span> 
     </span>
     <span class='ocr_line' id='line_1_20' title="bbox 160 1917 1167 2002; baseline 0.001 -20"><span class='ocrx_word' id='word_1_155' title='bbox 160 1940 202 1982; x_wconf 88' lang='lat' dir='ltr'>ne</span> <span class='ocrx_word' id='word_1_156' title='bbox 225 1921 281 1982; x_wconf 90' lang='lat' dir='ltr'>aut</span> <span class='ocrx_word' id='word_1_157' title='bbox 304 1917 460 2001; x_wconf 91' lang='lat' dir='ltr'>spoliaret</span> <span class='ocrx_word' id='word_1_158' title='bbox 482 1917 571 1980; x_wconf 86' lang='lat' dir='ltr'>fama</span> <span class='ocrx_word' id='word_1_159' title='bbox 593 1918 767 2000; x_wconf 91' lang='lat' dir='ltr'>probatum</span> <span class='ocrx_word' id='word_1_160' title='bbox 790 1917 967 2002; x_wconf 91' lang='lat' dir='ltr'>hominem,</span> <span class='ocrx_word' id='word_1_161' title='bbox 997 1917 1026 1982; x_wconf 89' lang='lat' dir='ltr'>si</span> <span class='ocrx_word' id='word_1_162' title='bbox 1053 1922 1167 1983; x_wconf 86' lang='lat' dir='ltr'>contra</span> 
     </span>
     <span class='ocr_line' id='line_1_21' title="bbox 143 2004 1165 2086; baseline 0.002 -18"><span class='ocrx_word' id='word_1_163' title='bbox 143 2004 375 2086; x_wconf 87' lang='lat' dir='ltr'>iudicavisset,</span> <span class='ocrx_word' id='word_1_164' title='bbox 398 2008 455 2067; x_wconf 92' lang='lat' dir='ltr'>aut</span> <span class='ocrx_word' id='word_1_165' title='bbox 473 2005 626 2068; x_wconf 88' lang='lat' dir='ltr'>statuisse</span> <span class='ocrx_word' id='word_1_166' title='bbox 645 2004 808 2069; x_wconf 85' lang='lat' dir='ltr'>videretur</span> <span class='ocrx_word' id='word_1_167' title='bbox 825 2005 931 2070; x_wconf 82' lang='lat' dir='ltr'>virum</span> <span class='ocrx_word' id='word_1_168' title='bbox 949 2007 1071 2070; x_wconf 90' lang='lat' dir='ltr'>bonum</span> <span class='ocrx_word' id='word_1_169' title='bbox 1095 2027 1165 2070; x_wconf 87' lang='lat' dir='ltr'>esse</span> 
     </span>
     <span class='ocr_line' id='line_1_22' title="bbox 161 2092 1166 2174; baseline 0.002 -19"><span class='ocrx_word' id='word_1_170' title='bbox 161 2092 310 2174; x_wconf 88' lang='lat' dir='ltr'>aliquem,</span> <span class='ocrx_word' id='word_1_171' title='bbox 334 2113 405 2155; x_wconf 89' lang='lat' dir='ltr'>cum</span> <span class='ocrx_word' id='word_1_172' title='bbox 429 2113 467 2155; x_wconf 90' lang='lat' dir='ltr'>ea</span> <span class='ocrx_word' id='word_1_173' title='bbox 489 2113 540 2155; x_wconf 93' lang='lat' dir='ltr'>res</span> <span class='ocrx_word' id='word_1_174' title='bbox 562 2092 851 2156; x_wconf 90' lang='lat' dir='ltr'>innumerabilibus</span> <span class='ocrx_word' id='word_1_175' title='bbox 875 2093 990 2158; x_wconf 87' lang='lat' dir='ltr'>officiis</span> <span class='ocrx_word' id='word_1_176' title='bbox 1014 2096 1047 2157; x_wconf 88' lang='lat' dir='ltr'>et</span> <span class='ocrx_word' id='word_1_177' title='bbox 1065 2094 1166 2157; x_wconf 91' lang='lat' dir='ltr'>laudi-</span> 
     </span>
     <span class='ocr_line' id='line_1_23' title="bbox 160 2178 1166 2265; baseline 0.002 -23"><span class='ocrx_word' id='word_1_178' title='bbox 160 2179 221 2242; x_wconf 88' lang='lat' dir='ltr'>bus</span> <span class='ocrx_word' id='word_1_179' title='bbox 245 2178 470 2243; x_wconf 87' lang='lat' dir='ltr'>contineretur.</span> <span class='ocrx_word' id='word_1_180' title='bbox 515 2179 599 2244; x_wconf 92' lang='lat' dir='ltr'>Huic</span> <span class='ocrx_word' id='word_1_181' title='bbox 621 2179 723 2264; x_wconf 84' lang='lat' dir='ltr'>igitur</span> <span class='ocrx_word' id='word_1_182' title='bbox 745 2180 815 2245; x_wconf 82' lang='lat' dir='ltr'>viro</span> <span class='ocrx_word' id='word_1_183' title='bbox 838 2181 940 2265; x_wconf 91' lang='lat' dir='ltr'>bono,</span> <span class='ocrx_word' id='word_1_184' title='bbox 963 2202 1058 2264; x_wconf 88' lang='lat' dir='ltr'>quem</span> <span class='ocrx_word' id='word_1_185' title='bbox 1082 2180 1166 2245; x_wconf 85' lang='lat' dir='ltr'>Fim-</span> 
     </span>
     <span class='ocr_line' id='line_1_24' title="bbox 160 2265 1164 2352; baseline 0.004 -23"><span class='ocrx_word' id='word_1_186' title='bbox 160 2265 233 2330; x_wconf 90' lang='lat' dir='ltr'>bria</span> <span class='ocrx_word' id='word_1_187' title='bbox 256 2266 367 2350; x_wconf 90' lang='lat' dir='ltr'>etiam,</span> <span class='ocrx_word' id='word_1_188' title='bbox 393 2289 459 2331; x_wconf 93' lang='lat' dir='ltr'>non</span> <span class='ocrx_word' id='word_1_189' title='bbox 486 2267 581 2332; x_wconf 87' lang='lat' dir='ltr'>modo</span> <span class='ocrx_word' id='word_1_190' title='bbox 605 2265 755 2333; x_wconf 82' lang='lat' dir='ltr'>Socrates</span> <span class='ocrx_word' id='word_1_191' title='bbox 777 2272 926 2352; x_wconf 83' lang='lat' dir='ltr'>noverat,</span> <span class='ocrx_word' id='word_1_192' title='bbox 953 2268 1044 2333; x_wconf 92' lang='lat' dir='ltr'>nullo</span> <span class='ocrx_word' id='word_1_193' title='bbox 1068 2269 1164 2333; x_wconf 91' lang='lat' dir='ltr'>modo</span> 
     </span>
     <span class='ocr_line' id='line_1_25' title="bbox 160 2353 1165 2439; baseline 0.003 -21"><span class='ocrx_word' id='word_1_194' title='bbox 160 2353 263 2418; x_wconf 83' lang='lat' dir='ltr'>videri</span> <span class='ocrx_word' id='word_1_195' title='bbox 284 2357 393 2439; x_wconf 88' lang='lat' dir='ltr'>potest</span> <span class='ocrx_word' id='word_1_196' title='bbox 412 2354 582 2437; x_wconf 88' lang='lat' dir='ltr'>quicquam</span> <span class='ocrx_word' id='word_1_197' title='bbox 604 2377 674 2420; x_wconf 84' lang='lat' dir='ltr'>essa</span> <span class='ocrx_word' id='word_1_198' title='bbox 692 2356 781 2439; x_wconf 90' lang='lat' dir='ltr'>utile,</span> <span class='ocrx_word' id='word_1_199' title='bbox 805 2356 890 2438; x_wconf 91' lang='lat' dir='ltr'>quod</span> <span class='ocrx_word' id='word_1_200' title='bbox 907 2378 973 2420; x_wconf 92' lang='lat' dir='ltr'>non</span> <span class='ocrx_word' id='word_1_201' title='bbox 991 2355 1165 2421; x_wconf 86' lang='lat' dir='ltr'>honestum</span> 
     </span>
     <span class='ocr_line' id='line_1_26' title="bbox 161 2441 1164 2528; baseline 0.002 -22"><span class='ocrx_word' id='word_1_202' title='bbox 161 2441 213 2506; x_wconf 87' lang='lat' dir='ltr'>sit.</span> <span class='ocrx_word' id='word_1_203' title='bbox 244 2441 360 2527; x_wconf 90' lang='lat' dir='ltr'>Itaque</span> <span class='ocrx_word' id='word_1_204' title='bbox 378 2443 454 2506; x_wconf 91' lang='lat' dir='ltr'>talis</span> <span class='ocrx_word' id='word_1_205' title='bbox 473 2443 523 2506; x_wconf 87' lang='lat' dir='ltr'>vir</span> <span class='ocrx_word' id='word_1_206' title='bbox 540 2465 606 2507; x_wconf 95' lang='lat' dir='ltr'>non</span> <span class='ocrx_word' id='word_1_207' title='bbox 624 2444 719 2508; x_wconf 91' lang='lat' dir='ltr'>modo</span> <span class='ocrx_word' id='word_1_208' title='bbox 740 2443 854 2527; x_wconf 89' lang='lat' dir='ltr'>facere,</span> <span class='ocrx_word' id='word_1_209' title='bbox 878 2444 933 2508; x_wconf 91' lang='lat' dir='ltr'>sed</span> <span class='ocrx_word' id='word_1_210' title='bbox 955 2465 996 2508; x_wconf 92' lang='lat' dir='ltr'>ne</span> <span class='ocrx_word' id='word_1_211' title='bbox 1019 2444 1164 2528; x_wconf 85' lang='lat' dir='ltr'>cogitare</span> 
     </span>
     <span class='ocr_line' id='line_1_27' title="bbox 161 2530 1165 2615; baseline 0.004 -22"><span class='ocrx_word' id='word_1_212' title='bbox 161 2530 289 2614; x_wconf 91' lang='lat' dir='ltr'>quidem</span> <span class='ocrx_word' id='word_1_213' title='bbox 304 2530 475 2614; x_wconf 89' lang='lat' dir='ltr'>quiequam</span> <span class='ocrx_word' id='word_1_214' title='bbox 490 2530 629 2610; x_wconf 89' lang='lat' dir='ltr'>audebit,</span> <span class='ocrx_word' id='word_1_215' title='bbox 648 2531 734 2614; x_wconf 90' lang='lat' dir='ltr'>quod</span> <span class='ocrx_word' id='word_1_216' title='bbox 751 2552 817 2596; x_wconf 90' lang='lat' dir='ltr'>non</span> <span class='ocrx_word' id='word_1_217' title='bbox 835 2531 952 2595; x_wconf 88' lang='lat' dir='ltr'>audeat</span> <span class='ocrx_word' id='word_1_218' title='bbox 969 2532 1165 2615; x_wconf 88' lang='lat' dir='ltr'>praedicare.</span> 
     </span>
     <span class='ocr_line' id='line_1_28' title="bbox 159 2617 1165 2704; baseline 0.001 -22"><span class='ocrx_word' id='word_1_219' title='bbox 159 2617 249 2682; x_wconf 88' lang='lat' dir='ltr'>Haec</span> <span class='ocrx_word' id='word_1_220' title='bbox 275 2639 340 2682; x_wconf 91' lang='lat' dir='ltr'>non</span> <span class='ocrx_word' id='word_1_221' title='bbox 366 2622 461 2702; x_wconf 88' lang='lat' dir='ltr'>turpe</span> <span class='ocrx_word' id='word_1_222' title='bbox 491 2622 541 2682; x_wconf 92' lang='lat' dir='ltr'>est</span> <span class='ocrx_word' id='word_1_223' title='bbox 573 2618 721 2683; x_wconf 87' lang='lat' dir='ltr'>dubitare</span> <span class='ocrx_word' id='word_1_224' title='bbox 752 2619 979 2704; x_wconf 90' lang='lat' dir='ltr'>philosophos,</span> <span class='ocrx_word' id='word_1_225' title='bbox 1011 2641 1093 2701; x_wconf 87' lang='lat' dir='ltr'>quac</span> <span class='ocrx_word' id='word_1_226' title='bbox 1124 2640 1165 2683; x_wconf 88' lang='lat' dir='ltr'>ne</span> 
     </span>
     <span class='ocr_line' id='line_1_29' title="bbox 159 2705 1165 2792; baseline 0.002 -22"><span class='ocrx_word' id='word_1_227' title='bbox 159 2706 273 2771; x_wconf 90' lang='lat' dir='ltr'>rustici</span> <span class='ocrx_word' id='word_1_228' title='bbox 295 2705 424 2789; x_wconf 90' lang='lat' dir='ltr'>quidem</span> <span class='ocrx_word' id='word_1_229' title='bbox 447 2705 616 2771; x_wconf 80' lang='lat' dir='ltr'>dubitent?</span> <span class='ocrx_word' id='word_1_230' title='bbox 640 2706 794 2791; x_wconf 91' lang='lat' dir='ltr'>aquibus</span> <span class='ocrx_word' id='word_1_231' title='bbox 812 2710 927 2770; x_wconf 90' lang='lat' dir='ltr'>natum</span> <span class='ocrx_word' id='word_1_232' title='bbox 945 2710 995 2771; x_wconf 91' lang='lat' dir='ltr'>est</span> <span class='ocrx_word' id='word_1_233' title='bbox 1013 2707 1055 2789; x_wconf 91' lang='lat' dir='ltr'>id,</span> <span class='ocrx_word' id='word_1_234' title='bbox 1080 2707 1165 2792; x_wconf 89' lang='lat' dir='ltr'>quod</span> 
     </span>
     <span class='ocr_line' id='line_1_30' title="bbox 159 2793 1166 2878; baseline 0.002 -21"><span class='ocrx_word' id='word_1_235' title='bbox 159 2793 226 2858; x_wconf 91' lang='lat' dir='ltr'>iam</span> <span class='ocrx_word' id='word_1_236' title='bbox 248 2794 423 2858; x_wconf 92' lang='lat' dir='ltr'>contritum</span> <span class='ocrx_word' id='word_1_237' title='bbox 446 2797 496 2859; x_wconf 89' lang='lat' dir='ltr'>est</span> <span class='ocrx_word' id='word_1_238' title='bbox 518 2797 689 2878; x_wconf 87' lang='lat' dir='ltr'>vetustate,</span> <span class='ocrx_word' id='word_1_239' title='bbox 711 2795 927 2878; x_wconf 90' lang='lat' dir='ltr'>proverbium.</span> <span class='ocrx_word' id='word_1_240' title='bbox 973 2793 1054 2859; x_wconf 83' lang='lat' dir='ltr'>Cum</span> <span class='ocrx_word' id='word_1_241' title='bbox 1078 2795 1166 2860; x_wconf 92' lang='lat' dir='ltr'>enim</span> 
     </span>
    </p>

    <p class='ocr_par' dir='ltr' id='par_1_4' title="bbox 62 2881 1169 3634">
     <span class='ocr_line' id='line_1_31' title="bbox 62 2881 1166 2967; baseline 0.004 -24"><span class='ocrx_word' id='word_1_242' title='bbox 62 2924 64 2928; x_wconf 91' lang='lat'><em>-</em></span> <span class='ocrx_word' id='word_1_243' title='bbox 159 2881 255 2944; x_wconf 89' lang='lat' dir='ltr'>fidem</span> <span class='ocrx_word' id='word_1_244' title='bbox 279 2881 413 2946; x_wconf 90' lang='lat' dir='ltr'>alicuius</span> <span class='ocrx_word' id='word_1_245' title='bbox 436 2881 678 2965; x_wconf 87' lang='lat' dir='ltr'>bonitatemque</span> <span class='ocrx_word' id='word_1_246' title='bbox 701 2882 844 2965; x_wconf 87' lang='lat' dir='ltr'>laudant,</span> <span class='ocrx_word' id='word_1_247' title='bbox 868 2882 1002 2967; x_wconf 84' lang='lat' dir='ltr'>dignum</span> <span class='ocrx_word' id='word_1_248' title='bbox 1025 2903 1095 2947; x_wconf 88' lang='lat' dir='ltr'>esse</span> <span class='ocrx_word' id='word_1_249' title='bbox 1119 2883 1166 2947; x_wconf 92' lang='lat' dir='ltr'>di·</span> 
     </span>
     <span class='ocr_line' id='line_1_32' title="bbox 160 2967 1166 3053; baseline 0.005 -23"><span class='ocrx_word' id='word_1_250' title='bbox 160 2972 245 3049; x_wconf 89' lang='lat' dir='ltr'>cunt,</span> <span class='ocrx_word' id='word_1_251' title='bbox 269 2967 409 3050; x_wconf 74' lang='lat' dir='ltr'>‘quicum</span> <span class='ocrx_word' id='word_1_252' title='bbox 427 2969 462 3033; x_wconf 92' lang='lat' dir='ltr'>in</span> <span class='ocrx_word' id='word_1_253' title='bbox 475 2969 617 3033; x_wconf 91' lang='lat' dir='ltr'>tenebris</span> <span class='ocrx_word' id='word_1_254' title='bbox 632 2969 751 3035; x_wconf 88' lang='lat' dir='ltr'>mices’.</span> <span class='ocrx_word' id='word_1_255' title='bbox 787 2968 858 3035; x_wconf 93' lang='lat' dir='ltr'>Hoc</span> <span class='ocrx_word' id='word_1_256' title='bbox 872 2992 970 3053; x_wconf 87' lang='lat' dir='ltr'>quam</span> <span class='ocrx_word' id='word_1_257' title='bbox 983 2969 1084 3033; x_wconf 85' lang='lat' dir='ltr'>habet</span> <span class='ocrx_word' id='word_1_258' title='bbox 1097 2970 1166 3037; x_wconf 84' lang='lat' dir='ltr'>vim</span> 
     </span>
     <span class='ocr_line' id='line_1_33' title="bbox 159 3054 1166 3141; baseline 0.007 -26"><span class='ocrx_word' id='word_1_259' title='bbox 159 3054 223 3116; x_wconf 91' lang='lat' dir='ltr'>nisi</span> <span class='ocrx_word' id='word_1_260' title='bbox 250 3054 354 3138; x_wconf 91' lang='lat' dir='ltr'>illam,</span> <span class='ocrx_word' id='word_1_261' title='bbox 381 3057 463 3120; x_wconf 92' lang='lat' dir='ltr'>nihil</span> <span class='ocrx_word' id='word_1_262' title='bbox 492 3057 653 3141; x_wconf 86' lang='lat' dir='ltr'>expedire,</span> <span class='ocrx_word' id='word_1_263' title='bbox 683 3058 768 3140; x_wconf 91' lang='lat' dir='ltr'>quod</span> <span class='ocrx_word' id='word_1_264' title='bbox 794 3079 861 3122; x_wconf 91' lang='lat' dir='ltr'>non</span> <span class='ocrx_word' id='word_1_265' title='bbox 883 3057 1007 3140; x_wconf 90' lang='lat' dir='ltr'>deceat,</span> <span class='ocrx_word' id='word_1_266' title='bbox 1035 3056 1166 3122; x_wconf 91' lang='lat' dir='ltr'>etiamsi</span> 
     </span>
     <span class='ocr_line' id='line_1_34' title="bbox 108 3141 1166 3229; baseline 0.007 -25"><span class='ocrx_word' id='word_1_267' title='bbox 108 3156 141 3205; x_wconf 78' lang='lat'>78</span> <span class='ocrx_word' id='word_1_268' title='bbox 160 3141 194 3204; x_wconf 95' lang='lat' dir='ltr'>id</span> <span class='ocrx_word' id='word_1_269' title='bbox 216 3142 322 3224; x_wconf 88' lang='lat' dir='ltr'>possis</span> <span class='ocrx_word' id='word_1_270' title='bbox 344 3143 435 3207; x_wconf 92' lang='lat' dir='ltr'>nullo</span> <span class='ocrx_word' id='word_1_271' title='bbox 458 3144 627 3208; x_wconf 89' lang='lat' dir='ltr'>refellente</span> <span class='ocrx_word' id='word_1_272' title='bbox 649 3145 817 3228; x_wconf 81' lang='lat' dir='ltr'>optinere?</span> <span class='ocrx_word' id='word_1_273' title='bbox 853 3145 994 3210; x_wconf 89' lang='lat' dir='ltr'>Videsne</span> <span class='ocrx_word' id='word_1_274' title='bbox 1012 3144 1075 3209; x_wconf 94' lang='lat' dir='ltr'>hoc</span> <span class='ocrx_word' id='word_1_275' title='bbox 1092 3167 1166 3229; x_wconf 87' lang='lat' dir='ltr'>pro·</span> 
     </span>
     <span class='ocr_line' id='line_1_35' title="bbox 161 3229 1165 3318; baseline 0.005 -26"><span class='ocrx_word' id='word_1_276' title='bbox 161 3229 271 3293; x_wconf 87' lang='lat' dir='ltr'>verbio</span> <span class='ocrx_word' id='word_1_277' title='bbox 295 3251 398 3313; x_wconf 90' lang='lat' dir='ltr'>neque</span> <span class='ocrx_word' id='word_1_278' title='bbox 417 3229 502 3317; x_wconf 82' lang='lat' dir='ltr'>Gygi</span> <span class='ocrx_word' id='word_1_279' title='bbox 523 3232 575 3295; x_wconf 91' lang='lat' dir='ltr'>illi</span> <span class='ocrx_word' id='word_1_280' title='bbox 596 3254 692 3316; x_wconf 91' lang='lat' dir='ltr'>posse</span> <span class='ocrx_word' id='word_1_281' title='bbox 710 3233 838 3297; x_wconf 83' lang='lat' dir='ltr'>veniam</span> <span class='ocrx_word' id='word_1_282' title='bbox 861 3232 931 3297; x_wconf 85' lang='lat' dir='ltr'>dari</span> <span class='ocrx_word' id='word_1_283' title='bbox 953 3254 1056 3316; x_wconf 91' lang='lat' dir='ltr'>neque</span> <span class='ocrx_word' id='word_1_284' title='bbox 1080 3232 1165 3318; x_wconf 91' lang='lat' dir='ltr'>huic,</span> 
     </span>
     <span class='ocr_line' id='line_1_36' title="bbox 159 3319 1166 3404; baseline 0.007 -26"><span class='ocrx_word' id='word_1_285' title='bbox 159 3338 255 3399; x_wconf 89' lang='lat' dir='ltr'>quem</span> <span class='ocrx_word' id='word_1_286' title='bbox 272 3319 370 3400; x_wconf 91' lang='lat' dir='ltr'>paulo</span> <span class='ocrx_word' id='word_1_287' title='bbox 390 3322 464 3383; x_wconf 90' lang='lat' dir='ltr'>ante</span> <span class='ocrx_word' id='word_1_288' title='bbox 483 3320 646 3404; x_wconf 85' lang='lat' dir='ltr'>fingebam</span> <span class='ocrx_word' id='word_1_289' title='bbox 660 3320 835 3404; x_wconf 85' lang='lat' dir='ltr'>digitorum</span> <span class='ocrx_word' id='word_1_290' title='bbox 849 3321 1055 3404; x_wconf 88' lang='lat' dir='ltr'>percussione</span> <span class='ocrx_word' id='word_1_291' title='bbox 1074 3319 1166 3385; x_wconf 87' lang='lat' dir='ltr'>here-</span> 
     </span>
     <span class='ocr_line' id='line_1_37' title="bbox 159 3404 1168 3492; baseline 0.006 -25"><span class='ocrx_word' id='word_1_292' title='bbox 159 3404 277 3469; x_wconf 87' lang='lat' dir='ltr'>ditates</span> <span class='ocrx_word' id='word_1_293' title='bbox 310 3406 453 3470; x_wconf 90' lang='lat' dir='ltr'>omnium</span> <span class='ocrx_word' id='word_1_294' title='bbox 484 3428 580 3491; x_wconf 89' lang='lat' dir='ltr'>posse</span> <span class='ocrx_word' id='word_1_295' title='bbox 612 3409 824 3473; x_wconf 85' lang='lat' dir='ltr'>converrere?</span> <span class='ocrx_word' id='word_1_296' title='bbox 869 3408 915 3474; x_wconf 92' lang='lat' dir='ltr'>Ut</span> <span class='ocrx_word' id='word_1_297' title='bbox 947 3408 1047 3491; x_wconf 89' lang='lat' dir='ltr'>enim,</span> <span class='ocrx_word' id='word_1_298' title='bbox 1079 3408 1168 3492; x_wconf 92' lang='lat' dir='ltr'>quod</span> 
     </span>
     <span class='ocr_line' id='line_1_38' title="bbox 65 3440 1169 3634; baseline 0.005 -78"><span class='ocrx_word' id='word_1_299' title='bbox 65 3440 124 3634; x_wconf 51' lang='grc' dir='ltr'>Ἀ</span> <span class='ocrx_word' id='word_1_300' title='bbox 157 3495 253 3578; x_wconf 87' lang='lat' dir='ltr'>turpe</span> <span class='ocrx_word' id='word_1_301' title='bbox 280 3497 343 3580; x_wconf 87' lang='lat' dir='ltr'>est,</span> <span class='ocrx_word' id='word_1_302' title='bbox 374 3494 421 3579; x_wconf 93' lang='lat' dir='ltr'>id,</span> <span class='ocrx_word' id='word_1_303' title='bbox 452 3495 599 3579; x_wconf 85' lang='lat' dir='ltr'>quamvis</span> <span class='ocrx_word' id='word_1_304' title='bbox 630 3496 821 3582; x_wconf 87' lang='lat' dir='ltr'>occultetur,</span> <span class='ocrx_word' id='word_1_305' title='bbox 852 3499 965 3562; x_wconf 90' lang='lat' dir='ltr'>tamen</span> <span class='ocrx_word' id='word_1_306' title='bbox 990 3495 1169 3561; x_wconf 89' lang='lat' dir='ltr'>honestum</span> 
     </span>
    </p>
   </div>
   <div class='ocr_carea' id='block_1_3' title="bbox 0 0 1242 3848">
    <p class='ocr_par' dir='ltr' id='par_1_5' title="bbox 0 0 1242 3848">
     <span class='ocr_line' id='line_1_39' title="bbox 0 0 1242 3848; baseline 0 1"><span class='ocrx_word' id='word_1_307' title='bbox 0 0 1242 3848; x_wconf 95' lang='lat' dir='ltr'> </span> 
     </span>
    </p>
   </div>
  </div>
 </body>
</html>
