2476 3848
399 1134 446 1208 M.
475 1134 618 1208 TULLI
645 1132 892 1208 CICERONIS

258 1311 479 1402 LAELIUS
510 1316 583 1399 DE
614 1313 852 1401 AMICITIA
884 1313 1048 1397 LIBER

333 1482 395 1546 Ao
419 1483 454 1547 r.
476 1481 736 1549 Pomomom
758 1479 964 1547 Arrroom.

486 1666 861 1774 ΑΒΘΠΜΕΝΤΠΜ.Ι

220 1828 289 1883 Cum
306 1828 381 1884 inter
397 1830 427 1884 P.
447 1827 606 1898 Scipionem
619 1827 781 1882 Africanum
794 1829 824 1882 et
838 1827 866 1885 Ο.
876 1828 1005 1884 Laelium
1018 1847 1157 1885 summam

150 1898 526 2024 {emergeretis
541 1898 1156 2039 ⁰tti³ffssitt⁰32⁰tititt}attii

148 2040 294 2093 induceret
321 2039 355 2093 de
383 2038 507 2093 amicitia
524 2011 725 2109 ’disputantem
750 2054 814 2093 cum
840 2040 957 2109 utroque
981 2012 1099 2110 gerim,
1126 2041 1154 2096 Ο.

149 2108 255 2163 Fannio
275 2110 304 2162 et
322 2108 353 2173 Q.
371 2109 464 2164 Mucio
484 2110 627 2164 Scaevola.
664 2111 725 2164 Hoc
743 2109 830 2192 igitur
848 2127 988 2180 sermone,
1008 2128 1091 2180 quem
1112 2111 1155 2165 ci-

150 2196 213 2234 cero
232 2181 237 2244 Ι
258 2178 335 2232 aucis
359 2179 456 2234 diebus
484 2182 549 2250 post
570 2181 689 2234 mortem
706 2179 832 2235 Afnooni
854 2197 926 2235 anno
957 2200 984 2251 p.
1003 2199 1030 2236 u.
1051 2200 1074 2239 c.
1093 2189 1155 2251 625,

150 2251 214 2303 ante
234 2198 296 2305 ihr.
315 2250 372 2305 nat.
400 2267 472 2305 enno
498 2258 560 2317 129,
583 2251 711 2332 hobitum
724 2250 819 2332 tingit,
838 2251 991 2321 praemisso
1009 2253 1154 2333 prooemio

149 2319 261 2374 Laelius
280 2321 371 2387 docet,
390 2321 458 2389 quid
476 2321 514 2375 sit
531 2321 664 2389 amicitur,
684 2321 784 2389 qmbus
803 2321 838 2375 de
857 2321 948 2375 causis
967 2339 1051 2376 amrer
1070 2340 1154 2391 quee-

146 2392 258 2456 mntur,
278 2390 377 2459 quibus
397 2392 486 2447 causis
504 2392 631 2446 amicitia
648 2393 840 2459 contrahatur,
867 2392 968 2447 deinde
985 2391 1060 2446 inter
1083 2410 1154 2461 quos

149 2459 275 2517 amicitia
293 2478 353 2515 esse
372 2461 474 2533 possit,
493 2478 564 2530 quae
583 2461 620 2516 sit
638 2461 779 2516 amicitiae
797 2461 855 2532 lex,
874 2478 945 2531 quoe
965 2461 1071 2533 officio,
1091 2464 1151 2531 qui-

149 2532 201 2586 bus
220 2532 339 2599 denique
357 2531 447 2586 modis
465 2533 601 2602 perpetuo
621 2533 807 2588 conservetur.

221 2601 338 2672 Scripsit
357 2603 450 2656 autem
469 2601 564 2657 Cicero
581 2603 656 2656 hunc
675 2602 802 2657 libellum
820 2604 886 2672 post
909 2602 1043 2657 Catonem
1067 2603 1156 2659 Maio·

149 2689 208 2727 rem
231 2675 267 2743 (v.
290 2672 373 2726 huius
399 2671 464 2725 libri
492 2688 551 2742 cap.
577 2679 590 2726 1
610 2679 626 2739 5
644 2675 673 2741 4)
692 2689 763 2727 anno
782 2672 841 2726 fere
859 2691 886 2742 p.
905 2690 931 2729 u.
952 2691 975 2727 c.
996 2680 1060 2744 710,
1088 2676 1155 2730 onte

150 2759 233 2812 quam
250 2742 337 2796 libros
356 2742 392 2796 de
411 2742 509 2796 officiis
529 2742 696 2813 conscripsit
714 2743 789 2812 (vide
807 2742 855 2798 lib.
875 2745 901 2798 ΙΙ
920 2760 980 2814 cap.
1000 2751 1017 2799 9
1037 2750 1052 2810 ξ
1070 2747 1127 2814 31).

117 2963 133 3024 1

116 3040 129 3085 1

217 2988 251 3064 Q.
275 2989 399 3055 Mucius
423 3012 526 3076 augur
551 2992 656 3056 multo
682 3013 814 3056 narrare
842 2992 881 3057 de
909 2990 944 3057 O.
962 2992 1078 3080 'Laelio
1107 3017 1158 3060 so

150 3098 222 3142 cero
251 3099 309 3141 suo
335 3079 523 3143 memoriter
550 3083 582 3142 et
611 3079 748 3145 iucunde
771 3080 898 3145 solebat
925 3102 984 3146 neo
1007 3081 1158 3149 dubitare

150 3164 243 3227 illum
257 3164 292 3228 in
306 3166 394 3229 omni
412 3188 558 3231 sermone
573 3168 738 3252 appellare
757 3168 950 3253 sapientem
969 3189 1030 3252 ego
1046 3173 1158 3236 autem

151 3274 170 3315 a
192 3255 285 3336 petre
308 3252 356 3316 ita
374 3275 463 3318 eram
481 3254 636 3320 deductus
655 3256 696 3320 ad
712 3253 900 3321 Scaevolam
919 3260 1050 3341 sumpta
1068 3258 1160 3324 virili

141 3342 242 3426 toga,
265 3343 311 3422 ut,
335 3342 440 3424 quoad
462 3364 591 3426 possem
615 3347 647 3408 et
665 3343 785 3427 liceret,
804 3366 825 3408 o
843 3345 928 3409 senis
946 3345 1050 3410 latere
1066 3368 1161 3412 num·

77 3451 91 3500 ι
132 3449 245 3510 -qoam
271 3429 478 3514 discederem3
505 3430 616 3514 itaque
639 3431 743 3496 multa
766 3431 807 3496 cb
831 3453 868 3497 eo
892 3432 1070 3517 prudenter
1094 3435 1160 3501 dis-
