2476 3848
463 186 796 251 -321-·

80 344 280 429 probitatem
303 343 371 409 eius
398 365 465 408 non
491 343 588 408 nimis
616 343 739 409 alienos
767 343 892 408 animos
918 345 1085 430 habemus,

80 433 220 496 alterum
233 434 367 515 propter
382 431 606 497 crudelitatem
619 453 746 516 semper
758 431 962 497 haeccivitas
972 433 1085 498 oderit.

147 518 268 594 Quodsi
285 523 381 584 tanta
398 519 447 584 vis
466 519 641 603 probitatis
664 523 723 602 est,
744 523 782 583 ut
805 542 876 584 eam
898 521 951 585 vel
973 521 1008 584 in
1030 521 1085 600 eis,
1104 499 1138 626 {9

81 627 161 690 quos
179 628 355 690 numquam
375 607 523 691 vidimus,
545 608 607 691 vel,
632 607 718 691 quod
736 607 840 672 maius
859 611 917 691 est,
939 608 973 671 in
990 608 1085 674 hoste

80 694 179 759 etiam
202 694 387 779 diligamus,
419 695 496 778 quid
517 694 636 759 mirum
659 698 722 778 est,
745 695 773 759 si
796 695 896 759 animi
917 695 1086 761 hominum

80 779 280 865 moveantur,
302 804 376 847 cum
399 803 518 866 eorum,
543 783 734 866 quibuscum
756 804 817 847 usu
835 783 997 848 coniuncti
1015 806 1085 849 esse

79 873 231 954 possunt,
254 870 409 934 virtutem
432 873 465 934 et
487 871 669 936 bonitatem
690 871 871 955 perspicere
893 870 1085 937 videantur?

80 957 284 1042 Quamquam
307 958 517 1022 confirmatur
541 980 632 1023 amor
654 962 687 1022 et
711 959 865 1023 beneficio
893 963 1025 1044 accepto
1053 963 1086 1024 et

81 1046 188 1110 studio
203 1049 419 1129 perspectoet
432 1046 661 1110 consuetudine
677 1046 837 1124 adiuncta,
855 1047 971 1129 quibus
989 1048 1085 1112 rebus

81 1133 122 1198 ad
148 1134 242 1196 illum
269 1133 410 1216 primum
437 1136 563 1198 motum
590 1134 689 1198 animi
716 1136 749 1198 et
779 1135 898 1198 amoris
931 1135 1086 1200 adhibitis

82 1221 283 1285 admirabilis
312 1220 469 1304 quaedam
497 1221 675 1285 exardescit
704 1221 941 1286 benivolentiae
963 1225 1087 1308 magni-

82 1309 170 1373 tudo.
216 1307 319 1383 Quam
343 1308 372 1372 si
395 1308 450 1391 qni
472 1312 590 1392 putant
617 1308 658 1372 ab
681 1309 894 1373 inbecillitate
916 1310 1086 1395 proficisci,

81 1400 118 1460 ut
142 1396 198 1479 sit,
221 1418 279 1480 per
302 1417 399 1480 quem
421 1395 629 1479 adsequatur,
651 1397 738 1478 quod
760 1396 895 1479 quisque
919 1396 1086 1481 desideret,

81 1483 238 1547 humilem
266 1504 342 1548 sane
370 1484 556 1567 relinquunt
585 1487 618 1548 et
649 1483 780 1547 minime
813 1504 1017 1568 generosum,
1049 1489 1086 1550 ut

82 1572 130 1635 ita
153 1570 265 1654 dicam,
288 1575 394 1635 ortum
420 1571 589 1649 amicitiae,
612 1593 708 1654 quam
732 1571 901 1655 exinopia
925 1575 1022 1654 atque
1040 1572 1086 1637 in·

83 1659 228 1744 digentia
249 1663 361 1723 natam
384 1659 506 1724 volunt.
543 1659 636 1735 Quod
658 1658 687 1722 si
708 1658 756 1723 ita
779 1662 873 1741 esset,
895 1660 1086 1743 utquisque

82 1747 251 1811 minimum
280 1768 350 1811 esse
377 1747 413 1810 in
439 1769 473 1811 se
501 1747 727 1831 arbitraretur,
758 1747 806 1811 ita
838 1747 879 1812 ad
910 1747 1085 1812 amicitiam

82 1839 167 1899 esset
186 1835 388 1919 aptissimus3
412 1834 498 1918 quod
516 1835 613 1919 longe
632 1856 722 1900 secus
742 1838 800 1899 est.
831 1834 878 1900 Ut
897 1835 981 1899 enim
1001 1836 1085 1918 quis-
1104 1852 1138 1901 30

58 1940 144 2007 'qne
176 1923 239 1986 sibi
269 1922 446 2006 plurimum
478 1922 622 2006 confidit,
654 1925 686 1986 et
717 1925 754 1986 ut
786 1923 920 2006 quisque
947 1922 1086 1988 maxime

82 2011 203 2075 virtute
231 2013 264 2073 et
292 2010 452 2093 sapientia
479 2010 525 2074 sic
552 2010 695 2074 munitus
723 2014 785 2094 est,
814 2014 851 2074 ut
876 2010 967 2075 nullo
992 2015 1086 2095 egeat

84 2119 204 2179 suaque
228 2097 336 2161 omnia
362 2097 397 2160 in
424 2119 458 2161 se
485 2098 556 2180 ipso
585 2098 694 2182 posita
720 2098 851 2181 iudicet,
865 2098 926 2178 ‚ita
952 2099 988 2161 in
1010 2099 1087 2163 ami·

83 2184 168 2250 citiis
201 2184 386 2268 expetendis
418 2185 622 2268 colendisque
654 2187 792 2250 maxime
820 2186 958 2250 excellit.
1004 2186 1087 2262 Quid

84 2272 191 2336 enim?
236 2270 409 2336 Africanus
432 2272 579 2358 indigens
603 2273 687 2337 mei?
727 2272 860 2336 Minime
882 2274 1025 2339 hercule!
1050 2297 1087 2340 ac

82 2382 123 2423 ne
152 2379 212 2443 ego
240 2359 369 2442 quidem
395 2360 497 2443 illius3
530 2361 586 2425 sed
617 2382 677 2444 ego
708 2359 920 2424 admiratione
948 2362 1086 2445 quadam

84 2447 215 2512 virtutis
240 2446 317 2531 eius,
338 2447 396 2512 ille
418 2447 561 2513 vicissim
579 2447 728 2532 opinione
746 2445 886 2511 fortasse
903 2468 970 2511 non
987 2450 1087 2531 nulla,

84 2557 182 2619 quam
200 2534 238 2599 dc
257 2535 337 2599 meis
355 2535 499 2600 moribus
516 2536 668 2619 habebat,
686 2556 737 2598 me
754 2534 878 2616 dilexit3
898 2535 987 2598 auxit
1001 2536 1087 2599 beni·

83 2623 261 2688 volentiam
284 2623 489 2688 consuetudo.
525 2621 588 2687 Sed
611 2643 806 2706 quamquam
828 2622 988 2686 utilitates
1007 2622 1087 2686 mul-

84 2715 137 2775 tae
161 2714 194 2776 et
221 2731 358 2796 magnae
385 2713 574 2775 consecutae
597 2714 685 2794 sunt,
711 2731 778 2774 non
806 2713 881 2773 sunt
908 2713 1018 2774 tamen
1045 2710 1086 2774 ab

84 2819 194 2862 earum
218 2819 275 2882 spe
298 2819 412 2862 causae
436 2797 591 2883 diligendi
613 2797 785 2881 profectae.
821 2795 868 2860 Ut
891 2797 976 2860 enim
994 2798 1087 2860 bene·
1105 2811 1138 2860 31

85 2884 139 2948 fici
170 2884 384 2968 liberalesque
418 2906 543 2968 sumus,
578 2907 644 2949 non
678 2889 715 2948 ut
747 2883 913 2967 exigamus
946 2884 1087 2968 gratiam

84 2969 201 3055 (neque
225 2972 310 3035 enim
331 2972 521 3037 beneficium
548 2971 763 3048 faeneramur‚
791 2970 847 3034 sed
871 2973 990 3036 natura
1016 2994 1088 3057 pro-

84 3058 177 3143 pensi
200 3059 241 3122 ad
263 3059 494 3124 liberalitatem
517 3057 651 3145 sumus),
673 3058 719 3122 sic
742 3058 920 3122 amicitiam
941 3082 1008 3125 non
1031 3083 1087 3146 spe

85 3146 240 3212 mercedis
264 3147 402 3232 adducti,
426 3147 481 3212 sed
504 3147 589 3230 qnod
612 3145 715 3211 omnis
735 3145 802 3211 eius
820 3145 945 3212 fructus
963 3148 997 3212 in
1015 3149 1087 3233 ipso

85 3257 194 3299 amore
216 3235 314 3319 inest,
342 3235 551 3320 expetendam
578 3238 738 3318 putamus.
783 3234 836 3299 Ab
863 3235 929 3320 his,
957 3237 1011 3320 qui
1033 3260 1087 3322 pe·
1106 3251 1142 3302 3²

84 3323 201 3387 endum
224 3323 289 3387 ritu
313 3323 354 3387 ad
375 3323 577 3406 voluptatem
600 3322 709 3387 omnia
730 3321 884 3408 referunt,
906 3325 1003 3409 longe
1027 3326 1088 3390 dis·
1125 3252 1180 3629 1

85 3411 243 3494 sentiunt,
264 3431 323 3475 nec
346 3410 476 3493 mirum3
502 3409 585 3474 nihil
608 3409 693 3474 enim
716 3410 833 3495 altum,
858 3412 942 3476 nihil
965 3413 1088 3499 magni·

84 3495 180 3560 ficum
204 3519 242 3563 ac
265 3497 409 3562 divinum
432 3496 592 3581 suspicere
614 3502 764 3583 possunt,
791 3499 848 3584 qni
875 3521 949 3565 suas
977 3521 1089 3565 omnes
1133 3584 1137 3589 Ι

157 3598 339 3655 wetbertus,
353 3599 398 3646 tte.
412 3599 526 3654 stillabat.
541 3601 656 3658 &dripere
916 3597 959 3644 Ἃ
