2476 3848
536 194 578 205 -
624 158 776 223 524-

102 315 143 381 18
152 319 281 384 laetitia
287 369 297 402 ,
333 319 361 383 si
396 318 491 382 bona.
550 314 577 381 0
608 271 806 399 praeclaram
836 316 930 381 beate
961 317 1091 384 vivendi
1127 322 1165 382 et

154 410 299 491 apertam
322 410 355 471 et
378 405 556 488 simplicem
579 407 611 468 et
634 403 794 468 derectam
814 404 928 469 vitaml
965 402 1049 469 Cum
1072 406 1161 471 enim

153 498 239 560 certe
270 493 354 558 nihil
384 492 509 557 homini
539 492 645 575 possit
674 491 789 557 melius
823 512 893 556 esse
921 514 1018 576 quam
1044 515 1164 558 vacare

154 582 242 648 omni
265 581 375 645 dolore
398 585 431 644 et
453 580 604 644 molestia
625 578 809 663 perfruique
830 579 979 643 maximis
1003 583 1036 644 et
1058 581 1162 645 animi

153 675 186 734 et
204 669 348 752 corporis
367 668 601 751 voluptatibus,
618 666 784 750 videtisne,
801 688 898 750 quarn
916 667 998 731 nihil
1015 671 1164 750 praeter·

153 758 316 838 mittatur,
343 756 429 840 quod
452 755 555 819 'vitam
583 754 725 837 adiuvet,
751 775 814 838 quo
841 754 969 819 facilius
997 754 1044 838 id,
1074 757 1162 840 quod

152 844 354 927 propositum
368 846 427 926 est,
447 864 606 906 summum
619 842 740 907 bonum
754 841 1008 924 consequamur?
1031 841 1164 908 Clamat

152 932 321 1015 Epicurus,
339 931 368 995 is
387 951 483 1014 quem
496 951 553 994 vos
574 929 671 992 nimis
688 929 909 1012 voluptatibus
928 951 998 994 esse
1017 930 1162 996 deditum

153 1019 273 1102 dicitis,
295 1041 362 1084 non
379 1039 475 1101 posse
493 1017 628 1081 iucunde
646 1017 724 1100 vivi,
746 1017 810 1081 nisi
828 1018 1004 1100 sapienter,
1022 1017 1162 1084 honeste

153 1107 299 1189 iusteque
325 1106 466 1188 vivatur,
495 1124 554 1168 nec
581 1104 757 1188 sapienter,
788 1104 937 1188 honeste,
964 1106 1063 1188 iuste,
1093 1106 1161 1170 nisi

101 1213 135 1263 ⁶8
153 1193 297 1258 iucunde.
345 1192 457 1276 Neque
485 1193 569 1255 enim
597 1192 710 1256 civitas
732 1192 768 1255 in
791 1191 947 1258 seditione
968 1193 1066 1257 beata
1088 1214 1161 1258 esse

152 1285 261 1364 potest
282 1302 341 1344 nec
363 1281 397 1345 in
420 1279 579 1344 discordia
597 1278 798 1344 dominorum
820 1279 946 1364 domus3
970 1281 1162 1363 quominus

153 1369 278 1432 animus
293 1390 313 1432 a
327 1389 361 1432 se
379 1368 449 1450 ipse
467 1366 625 1431 dissidens
639 1386 809 1450 secumque
828 1367 1014 1432 discordans
1027 1371 1162 1452 gustare

152 1460 278 1540 partem
312 1456 413 1520 ullam
440 1453 581 1538 liquidae
613 1454 791 1537 voluptatis
825 1458 857 1519 et
888 1455 1008 1519 liberae
1039 1459 1162 1539 potest.

152 1545 254 1627 Atqui
282 1543 505 1628 pugnantibus
537 1546 570 1605 et
601 1542 772 1606 contrariis
804 1541 918 1607 studiis
951 1543 1160 1628 consiliisque

154 1653 279 1714 semper
292 1635 385 1695 utens
403 1630 486 1695 nihil
504 1629 606 1712 quieti
625 1629 739 1713 videre,
757 1629 840 1694 nihil
860 1631 1028 1714 tranquilli
1041 1634 1160 1714 potest.

99 1739 133 1789 us
153 1719 275 1796 Quodsi
308 1719 451 1802 corporis
484 1716 687 1801 gravioribus
714 1717 835 1782 morbis
862 1719 948 1782 vitae
977 1718 1161 1784 iucunditas

152 1806 339 1890 impeditur,
368 1808 486 1889 quanto
514 1804 618 1888 magis
646 1805 746 1869 animi
772 1805 895 1870 morbis
927 1806 1076 1889 impediri
1102 1828 1161 1872 ne·

72 1967 76 1973 ,
153 1915 239 1958 cesse
267 1895 331 1958 esti
376 1893 487 1956 Animi
510 1896 618 1956 autem
645 1893 751 1957 morbi
779 1894 855 1956 sunt
885 1892 1077 1976 cupiditates
1100 1894 1160 1958 im-

152 2002 281 2045 mensae
312 1984 345 2044 et
375 1981 487 2045 inanes
519 1979 719 2062 divitiarum,
751 1979 887 2064 gloriae,
919 1980 1160 2066 dominationis,

152 2069 398 2133 libidinosarum
426 2067 523 2131 etiam
554 2066 766 2150 voluptatum.
820 2067 987 2132 Accedunt
1018 2069 1160 2154 aegritu-

153 2154 257 2237 dines,
284 2154 465 2236 molestiae,
492 2175 666 2238 maerores,
693 2154 749 2238 qui
771 2155 910 2219 exedunt
936 2156 1061 2221 animos
1084 2178 1160 2222 con·

152 2242 323 2325 ficiuntque
360 2241 444 2306 curis
480 2241 648 2306 hominum
682 2264 750 2307 non
786 2242 1043 2327 intellegentium
1074 2244 1159 2309 nihil

152 2329 322 2394 dolendum
359 2350 428 2394 esse
465 2328 588 2411 animo,
624 2329 710 2413 quod
743 2330 786 2394 sit
818 2352 837 2395 a
869 2329 979 2396 dolore
1012 2333 1159 2414 corporis

151 2417 313 2501 praesenti
346 2417 495 2482 futurove
533 2417 719 2481 seiunctum.
776 2416 846 2482 Nee
880 2440 956 2483 vero
987 2420 1159 2503 quisquam

152 2506 270 2570 stultus
301 2526 368 2568 non
399 2504 514 2569 horum
546 2505 732 2568 morborum
759 2505 866 2589 aliquo
894 2505 1035 2592 laborat,
1063 2527 1160 2572 nemo

99 2613 133 2663 60
151 2593 252 2677 igItur
278 2592 390 2658 stultus
416 2613 481 2655 non
508 2591 615 2656 miser.
663 2592 797 2656 Accedit
823 2593 921 2657 etiarn
948 2615 1049 2677 mors,
1077 2615 1160 2678 quae
1187 2642 1192 2651 .

152 2681 245 2765 quasi
272 2702 385 2745 saxum
416 2679 555 2743 Tantalo
582 2701 708 2762 semper
738 2680 917 2763 impendet,
948 2684 1019 2745 tum
1049 2703 1159 2765 super-

152 2770 256 2849 stitio,
290 2791 353 2852 qua
380 2768 435 2852 qui
468 2770 518 2831 est
542 2766 700 2850 imbutus,
727 2768 854 2851 quietus
883 2790 952 2833 esse
983 2791 1160 2853 numquam

150 2859 266 2939 potest.
316 2855 489 2920 Praeterea
516 2854 600 2919 bona
630 2856 806 2938 praeterita
837 2876 903 2920 non
934 2857 1160 2941 meminerunt,

103 2941 104 2944 ’
150 2943 375 3025 praesentibus
403 2964 469 3007 non
494 2942 662 3025 fruuntur,
693 2942 804 3007 futura
835 2943 930 3009 modo
963 2949 1163 3029 exspectant,

151 3051 232 3112 quae
269 3031 344 3115 quia
380 3033 467 3094 certa
499 3051 568 3093 esse
597 3051 665 3094 nou
696 3034 849 3115 possunt,
882 3032 1097 3097 conficiuntur
1128 3035 1163 3096 et

151 3137 271 3199 angore
310 3120 342 3181 et
377 3121 466 3181 metu
501 3117 702 3202 maximeque
739 3119 936 3204 cruciantur,
977 3141 1050 3184 cum
1086 3140 1160 3184 aero

152 3204 297 3267 sentiunt
314 3204 436 3269 frustra
455 3226 489 3269 se
508 3208 565 3269 aut
583 3206 737 3289 pecuniae
756 3206 917 3271 studuisse
940 3211 997 3271 sut
1013 3206 1161 3290 imperiis

151 3294 207 3353 sut
239 3292 354 3375 opibus
387 3297 444 3357 aut
470 3292 601 3376 gloriae.
657 3292 773 3358 Nullas
802 3295 889 3358 enim
921 3297 1161 3380 consequuntur

204 3382 347 3464 uptates,
379 3401 515 3462 quarum
546 3380 692 3464 potiendi
724 3402 781 3464 spe
815 3382 1007 3447 inflammati
1039 3383 1161 3447 multos

72 3377 277 3616 micres
314 3487 514 3552 magnosque
550 3471 764 3553 susceperant.
794 3529 799 3536 .
826 3468 910 3533 Ecce
954 3472 1061 3534 autem
1102 3469 1160 3535 alii
