2476 3848
400 187 716 269 «425-

90 350 124 410 et
145 346 207 411 hoc
228 347 402 430 parricidio
422 367 457 412 se
480 347 649 431 inquinare
669 348 765 411 audet
783 352 816 412 et
838 352 906 413 tam
926 348 1025 432 impie
1048 348 1095 412 in-

90 439 203 518 gratus
236 456 320 519 esse,
351 438 389 499 ut
421 457 493 499 eam
521 439 660 518 accuset,
693 457 790 518 quam
822 436 925 501 vereri
957 436 1095 520 deberet,

91 521 218 585 etiamsi
245 523 353 587 minus
379 525 542 607 percipere
574 522 754 606 potuisset?
805 522 881 607 Sed,
907 527 945 588 ut
971 525 1095 608 opinor,

90 609 142 673 hic
161 631 250 674 error
269 613 301 674 et
323 610 403 675 haec
425 611 628 676 indoctorum
648 611 764 676 animis
784 612 887 676 offirsa
908 611 1013 694 caligo
1037 617 1095 695 est,

90 697 175 781 quod
197 700 265 761 tam
287 699 384 782 longe
407 704 493 763 retro
516 699 676 781 respicere
697 720 764 764 non
789 703 926 782 possunt
948 720 1007 763 nee
1031 721 1095 784 eos,

90 807 110 849 a
136 785 252 868 quibus
279 786 347 850 vita
374 787 541 851 hominum
571 787 731 852 instructa
761 787 874 871 primis
908 787 963 871 sit,
993 786 1095 851 fuisse

89 873 301 957 philosophos
325 874 534 940 arbitrantur.
1113 926 1133 988 3

157 961 261 1036 Quam
287 982 355 1025 rem
383 963 642 1046 antiquissimam
672 984 743 1029 cum
770 962 949 1046 videamus,
977 985 1128 1050 nomen7

89 1054 198 1113 tamen
226 1071 295 1119 esse
319 1049 508 1114 confitemur
534 1072 655 1115 recens.
698 1052 784 1117 Nam
808 1052 1003 1134 sapientiam
1026 1052 1094 1135 qui-

90 1138 161 1200 dem
184 1137 289 1219 ipsam
313 1137 383 1220 quis
401 1158 519 1222 negare
541 1142 649 1221 potest
665 1161 731 1203 non
749 1139 845 1203 modo
863 1161 898 1203 re
920 1162 989 1205 esse
1012 1141 1094 1204 anti·

90 1246 199 1308 quam,
226 1246 337 1289 verum
365 1226 462 1288 etiam
489 1225 641 1289 nomine?
669 1248 749 1309 quae
777 1227 957 1291 divinarum
983 1227 1094 1291 huma-

89 1335 266 1395 narumque
285 1334 400 1396 rerum,
421 1317 489 1376 tum
507 1313 674 1377 initiorum
693 1335 923 1398 causarumque
942 1316 1094 1399 cuiusque

89 1401 136 1464 rei
155 1401 337 1484 cognitione
356 1400 417 1464 hoc
435 1400 686 1483 pulcherrimum
704 1422 822 1464 nomen
840 1401 924 1483 apud
944 1402 1094 1485 antiquos

90 1489 333 1572 adsequebatur.
382 1487 494 1571 Itaque
517 1490 550 1550 et
576 1488 650 1551 illos
679 1493 815 1569 septem,
843 1489 898 1573 qui
921 1511 941 1552 a
964 1487 1094 1552 Graecis

91 1579 206 1659 σοφοί,
235 1577 396 1660 sapientes
425 1598 445 1640 a
469 1576 589 1639 nostris
613 1578 647 1637 et
672 1575 874 1639 habebantur
897 1579 929 1639 et
950 1576 1094 1640 nomina-

90 1666 222 1747 bantur,
245 1667 279 1727 et
296 1663 407 1728 multis
427 1666 502 1727 ante
526 1662 662 1727 saeculis
684 1661 880 1746 Lycurgum,
903 1664 992 1727 euius
1015 1667 1095 1727 tem-

90 1753 222 1835 poribus
245 1749 405 1816 Homerus
429 1752 527 1815 etiam
553 1750 654 1814 fuisse
677 1754 751 1814 ante
778 1750 862 1814 hanc
884 1751 997 1814 urbem
1020 1773 1095 1815 con-

90 1841 192 1904 ditam
219 1839 369 1922 traditur,
398 1843 430 1903 et
456 1840 521 1903 iam
548 1839 688 1903 heroicis
716 1838 877 1902 aetatibus
904 1837 1032 1902 Ulixem
1063 1843 1096 1903 et

89 1928 261 1992 Nestorem
284 1927 464 2010 accepimus
488 1930 521 1991 et
541 1927 641 1990 fuisse
665 1930 697 1990 et
718 1925 847 1989 habitos
877 1946 947 1990 esse
970 1927 1093 2008 sapien-

90 2015 143 2079 tis.
191 2015 260 2079 Nec
288 2037 363 2080 vero
392 2016 510 2079 Atlans
538 2014 695 2079 sustinere
723 2013 846 2077 caelum
875 2035 933 2077 nec
964 2013 1129 2077 Prome-8

90 2102 185 2166 theus
223 2103 344 2167 adfixus
382 2100 525 2167 Caucaso
561 2123 620 2166 nec
656 2103 803 2166 stellatus
841 2098 986 2183 Cepheus
1022 2125 1095 2167 cum

90 2211 202 2272 uxore,
225 2211 356 2273 genero,
378 2191 447 2253 filia
468 2191 662 2272 traderetur,
690 2189 755 2253 nisi
777 2189 963 2253 caelestium
987 2189 1095 2254 divina

92 2277 233 2362 cognitio
251 2298 370 2341 nomen
387 2298 498 2341 eorum
516 2278 557 2341 ad
575 2299 714 2341 errorem
738 2276 869 2341 fabulae
891 2277 1094 2341 traduxisset.

91 2366 121 2430 A
140 2365 254 2448 quibus
278 2363 365 2428 ducti
383 2365 532 2446 deinceps
556 2386 681 2448 omnes,
705 2365 759 2448 qui
777 2364 812 2428 in
830 2386 938 2427 rerum
956 2367 1095 2428 contem·

91 2453 233 2537 platione
262 2451 369 2516 studia
394 2452 572 2535 ponebant,
600 2453 760 2534 sapientes
785 2454 818 2516 et
838 2451 1040 2515 habebantur
1063 2455 1096 2515 et

91 2541 352 2622 nominabantur,
379 2539 473 2622 idque
501 2561 610 2604 eorum
637 2561 756 2604 nomen
782 2560 882 2622 usque
910 2538 950 2602 ad
974 2539 1094 2621 Pytha-

92 2651 189 2714 gorae
208 2628 353 2693 manavit
374 2630 526 2711 aetatem,
549 2649 656 2710 quem,
678 2633 716 2692 ut
738 2627 850 2691 scribit
873 2625 1000 2690 auditor
1022 2626 1093 2689 Pla·

28 2742 31 2749 ·
92 2718 179 2782 tonis
198 2716 352 2781 Ponticus
370 2714 569 2797 Heraclides,
594 2715 643 2779 vir
665 2715 777 2779 doctus
800 2714 835 2778 in
858 2713 985 2796 primis,
1008 2713 1094 2776 Phli-

92 2808 203 2868 untem
225 2805 334 2868 ferunt
360 2804 499 2886 venisse,
527 2824 661 2885 eumque
689 2825 761 2866 cum
787 2801 921 2884 Leonte,
950 2800 1094 2883 principe

91 2891 323 2973 Phliasiorum,
360 2891 452 2956 docte
484 2894 516 2954 et
547 2891 675 2972 copiose
707 2889 893 2953 disseruisse
925 2887 1094 2971 quaedam,

92 2979 181 3043 cuius
208 2979 372 3062 ingenium
400 2982 433 3042 et
459 2979 675 3062 eloquentiam
703 2999 775 3042 cum
805 2976 979 3041 admiratus
1010 2979 1096 3039 esset

92 3066 193 3146 Leon,
216 3066 413 3148 quaesivisse
437 3087 475 3129 ex
499 3087 550 3148 eo,
572 3087 636 3148 qua
657 3065 794 3129 maxime
817 3067 886 3131 arte
909 3063 1093 3147 confideret;

93 3157 127 3219 at
149 3155 242 3218 illum
264 3156 366 3217 artem
390 3154 518 3235 quidem
536 3175 570 3216 se
590 3154 671 3217 scire
694 3153 830 3229 nullam,
854 3150 909 3215 sed
932 3171 1000 3214 esse
1023 3151 1093 3232 phi-

91 3241 271 3325 losophum.
322 3240 527 3304 Admiratum
558 3240 712 3306 Leontem
744 3239 922 3303 novitatem
953 3239 1093 3302 nominis

94 3331 303 3414 quaesivisse,
332 3328 462 3412 quinam
485 3331 594 3392 essent
620 3326 818 3410 philosophi,
846 3329 879 3390 et
905 3324 980 3407 quid
1010 3327 1094 3388 inter

93 3441 148 3483 eos
172 3422 205 3482 et
223 3417 362 3500 reliquos
385 3416 570 3498 interesset,
593 3415 814 3498 Pythagoram
833 3417 939 3477 autem
963 3434 1092 3495 respon·
1112 3431 1127 3478 9

93 3507 178 3570 disse
202 3506 339 3570 similem
358 3504 421 3569 sibi
442 3504 544 3567 videri
562 3503 662 3567 vitam
684 3502 850 3566 hominum
870 3505 903 3565 et
918 3504 1093 3563 mercatum
