2476 3848
488 227 529 240 -
576 190 730 257 259-

99 354 335 440 Carthaginem
353 352 462 437 rediit,
479 374 584 437 neque
602 374 675 418 eum
694 352 814 418 caritas
832 354 959 439 patriae
972 355 1105 419 retinuit

98 466 158 508 nec
182 464 322 507 suorum.
367 440 481 524 Neque
504 462 580 507 vero
608 443 679 505 tum
705 441 880 527 ignorabat
907 463 942 508 se
970 442 1011 507 ad
1037 464 1106 508 eru-

100 531 302 596 delissimum
324 529 452 594 hostem
471 532 505 593 et
522 529 564 593 ad
582 529 742 613 exquisita
760 529 919 614 supplicia
936 530 1105 615 proficisci,

101 618 157 683 sed
179 618 229 683 ius
250 617 422 682 iurandum
441 617 696 683 conservandum
714 618 861 703 putabat.
896 617 1011 702 Itaque
1024 622 1105 703 tum,

101 730 174 772 cum
197 705 362 792 vigilando
380 705 567 788 necabatur,
590 708 661 770 erat
678 706 713 770 in
730 707 864 771 meliore
882 728 987 790 causa,
1007 729 1104 792 quam

101 796 129 859 si
148 794 236 859 domi
250 815 346 858 senex
360 793 517 879 captivus,
531 793 679 878 periurus
694 793 872 859 consularis
886 797 1104 860 remansisset.

98 882 145 946 At
168 883 282 966 stulte,
305 880 361 965 qui
386 902 453 946 non
478 881 576 946 modo
603 902 670 947 non
692 882 852 946 censuerit
875 884 1021 967 captivos
1044 900 1156 952 re-101

100 970 285 1053 mittendos,
303 991 416 1034 verum
434 969 534 1033 etiam
553 969 751 1034 dissuaserit.
787 968 857 1045 Quo
872 970 967 1036 modo
982 972 1104 1036 stulte?

100 1060 249 1137 etiamne,
263 1057 291 1122 si
304 1056 352 1121 rei
365 1056 512 1141 publicae
527 1057 748 1123 conducebat?
766 1062 875 1143 potest
887 1062 1005 1143 autem,
1019 1059 1105 1143 quod

99 1147 215 1210 inutile
237 1145 286 1209 rei
307 1144 457 1231 publicae
480 1145 532 1230 sit,
553 1145 588 1209 id
611 1145 759 1229 cuiquam
782 1145 845 1212 civi
867 1147 947 1211 utile
968 1148 1060 1212 esse?

165 1234 361 1299 Pervertunt
382 1232 530 1297 homines
553 1255 600 1317 ea,
623 1237 800 1318 quaesunt
822 1234 1033 1300 fundamenta
1049 1257 1104 1301 na·
1114 1238 1157 1305 28

99 1326 202 1406 turae,
225 1344 298 1387 cum
321 1320 498 1385 utilitatem
521 1321 563 1385 ab
585 1320 756 1386 honestate
776 1321 957 1406 seiungunt.
985 1322 1105 1389 Omnes

101 1410 186 1474 enim
214 1409 393 1493 expetimus
425 1408 603 1473 utilitatem
635 1407 676 1472 ad
708 1430 842 1492 eamque
871 1410 1016 1494 rapimur
1046 1433 1106 1478 nec

100 1497 206 1562 facere
230 1497 326 1561 aliter
348 1497 417 1561 ullo
441 1496 537 1561 modo
558 1517 739 1580 possumus.
770 1494 857 1561 Nam
876 1498 948 1581 quis
967 1501 1025 1581 est,
1049 1499 1105 1582 qui

100 1585 196 1650 utilia
209 1584 338 1670 fugiat?
362 1588 418 1648 aut
437 1584 509 1669 quis
528 1583 647 1669 potius,
666 1583 722 1668 qui
735 1605 773 1649 ea
785 1605 852 1649 non
870 1585 1104 1650 studiosissime

99 1672 333 1758 persequatur?
354 1670 416 1737 Sed
430 1672 506 1756 quia
519 1692 678 1755 nusquam
692 1693 864 1756 possumus
878 1673 941 1737 nisi
955 1673 988 1737 in
1001 1674 1104 1759 laude,

100 1761 226 1843 decore,
253 1760 426 1824 honestate
446 1759 542 1824 utilia
563 1759 715 1844 reperire,
738 1763 892 1844 proptera
917 1760 977 1825 illa
999 1761 1105 1846 prima

100 1852 133 1913 et
155 1870 283 1913 summa
304 1848 477 1932 habemus,
500 1847 655 1913 utilitatis
678 1868 796 1913 nomen
818 1869 885 1912 non
907 1852 975 1913 tam
1000 1850 1104 1934 splen-

99 1937 209 2001 didum
233 1958 331 2021 quam
353 1935 569 2001 necessarium
599 1935 752 2001 ducimus.
797 1934 881 2010 Quid
908 1940 959 2002 est
980 1937 1090 2023 igitur,
1106 1954 1156 2004 102

101 2024 217 2089 dixerit
240 2024 327 2109 quis,
352 2023 388 2088 in
414 2023 667 2090 iureiurando?
698 2046 777 2089 num
804 2024 925 2090 iratum
951 2025 1103 2091 timemus

100 2110 233 2177 Iovem?
267 2112 315 2177 At
335 2111 398 2177 hoc
421 2111 549 2196 quidem
572 2133 740 2178 commune
762 2116 813 2177 est
836 2113 979 2178 omnium
1001 2114 1105 2200 philo-

101 2200 291 2284 sophorum,
321 2221 388 2301 rien
411 2221 522 2265 eorum
545 2201 654 2285 modo,
685 2200 741 2285 qui
763 2201 858 2266 deum
879 2202 962 2302 nihil
985 2202 1105 2268 habere

99 2288 207 2438 ipsum
229 2292 329 2373 negot
330 2287 354 2352 ii
315 2287 495 2372 tdicunt,
516 2287 599 2353 nihil
623 2288 773 2354 exhibere
796 2288 900 2372 alteri,
918 2290 974 2354 sed
993 2312 1104 2357 eorum

100 2375 212 2459 etiam,
240 2375 296 2459 qui
323 2375 417 2441 deum
445 2338 572 2477 seinper
599 2397 695 2462 agere
719 2375 842 2460 al1qu1d
865 2381 897 2441 e
920 2378 1029 2442 moliri
1051 2401 1105 2445 vo·

100 2464 172 2527 lunt
172 2484 370 2548 ‚numquam
383 2485 442 2528 neo
455 2463 552 2529 irascl
543 2463 661 2528 deum
678 2484 736 2528 nec
750 2484 873 2528 nocere.
897 2462 981 2538 Quid
995 2469 1104 2530 autem

98 2552 162 2616 irat
164 2573 202 2616 us
228 2551 339 2637 Iuppit
341 2573 377 2616 er
407 2551 481 2636 plus
512 2573 627 2616 nocere
658 2550 833 2702 potuisset,
865 2572 962 2633 quam
993 2553 1104 2618 nocuit

99 2639 202 2704 sibi
192 2661 262 2724 1pse
294 2639 463 2724 Regulus?
499 2638 641 2704 Nulla
632 2639 694 2725 1git
695 2661 734 2702 ur
760 2638 809 2702 vis
836 2637 900 2702 fuit
885 2638 1104 2725 treligionis,

97 2723 1105 2897 lttssettnllmtllffllatitlttulffglt*llll

99 2902 177 2966 mali
198 2903 302 2987 turpit
303 2903 433 2968 udo't
389 2907 433 2967 ist
435 2926 455 2967 a
476 2903 621 2968 habebat
624 2904 762 2987 quant
763 2922 818 2964 um
840 2899 898 2964 ille
920 2900 1027 2966 crucia
1028 2903 1104 2969 tus?

97 2988 222 3055 Deinde
243 2990 383 3056 illudt
350 2991 450 3056 etiam
473 2991 559 3076 apud
580 2953 727 3055 Accium:

693 3072 873 3160 Fregist
857 3098 898 3140 ιιι
919 3076 1059 3144 fidem?

140 3165 273 3251 Neque
296 3166 383 3231 dedi
404 3187 528 3251 neque
552 3166 596 3230 do
619 3162 781 3228 infideli
804 3162 979 3248 cuiquam

97 3276 294 3339 quamquam
318 3255 358 3319 ab
377 3254 478 3338 impio
501 3274 579 3339 rege
598 3252 675 3318 dicit
661 3256 723 3337 tur,
746 3252 909 3317 luculente
927 3257 1038 3320 tamen
1058 3253 1104 3321 di·

96 3343 188 3407 citur.
220 3341 354 3407 Addunt
377 3341 490 3426 etiam,
518 3341 677 3426 quemad
704 3339 836 3405 modum
857 3362 918 3406 nos
946 3341 1105 3409 dicamus

95 3430 198 3497 videri
221 3429 379 3515 quaedam
405 3429 513 3513 utilia,
546 3450 627 3514 quae
653 3449 720 3494 non
752 3427 831 3514 sint,
863 3429 909 3495 sic
936 3450 971 3494 se
998 3429 1066 3495 dice

95 3517 198 3583 videri
217 3517 375 3605 quaedam
392 3515 541 3604 honesta,
564 3538 646 3602 quae
664 3537 730 3583 non
749 3515 824 3603 sint,
847 3515 896 3582 ‘ut
913 3516 975 3581 hoc
993 3516 1045 3602 ips

875 3623 930 3681 w
