2476 3848
469 189 711 254 -167-

89 354 279 415 naturarum
292 353 420 415 tantam
433 351 534 416 habet
547 350 623 434 vim,
636 354 753 416 utnon
765 373 943 436 numquam
957 356 1096 418 mortem

92 439 154 503 sibi
167 438 237 522 ipse
251 438 447 504 consciscere
462 439 546 503 alius
561 438 685 522 debeat,
699 439 782 503 alins
798 439 847 520 [in
859 440 970 506 eadem
984 445 1094 523 causa]

90 547 157 590 non
184 525 307 590 debeat.
352 525 441 591 Num
465 526 552 591 enim
579 526 645 591 alia
671 526 705 590 in
732 549 829 592 causa
850 526 893 592 M.
916 527 999 594 Cato
1023 528 1096 612 fuit,

92 614 157 678 alia
174 613 282 698 ceteri,
299 613 354 698 qui
373 635 407 679 se
425 614 460 678 in
474 613 587 679 Africa
600 613 733 679 Caesari
745 615 970 680 tradiderunt?
993 615 1097 700 Atqui

91 701 207 766 ceteris
229 700 370 766 forsitan
390 702 471 767 vitio
495 702 607 767 datum
630 706 724 786 esset,
748 703 776 767 si
795 725 829 768 se
846 703 1096 787 interemissent,

90 792 263 873 propterea
290 789 376 873 quod
402 789 507 854 lenior
536 811 647 854 eorum
675 791 745 856 vita
771 795 804 855 et
831 811 937 855 mores
966 792 1096 859 fuerant

90 877 267 960 faciliores,
294 876 411 942 Catoni
438 898 511 943 cum
537 877 758 943 incredibilem
784 878 955 944 tribuisset
978 883 1096 944 natura

92 965 286 1050 gravitatem
313 986 447 1048 eamque
474 965 544 1050 ipse
570 970 728 1051 perpetua
754 967 938 1031 constantia
965 968 1097 1032 robora·

90 1053 191 1117 visset
223 1074 412 1137 semperque
442 1052 478 1118 in
508 1054 678 1138 proposito
711 1059 924 1139 susceptoque
960 1055 1095 1120 consilio

90 1140 335 1224 permansisset,
357 1140 559 1206 moriendum
580 1141 690 1225 potius
714 1164 812 1226 quam
834 1143 965 1226 tyranni
985 1144 1095 1208 vultus

91 1227 292 1311 aspiciendus
321 1228 393 1292 fuit.
438 1227 542 1304 Quam
569 1229 674 1294 multa
700 1252 817 1314 passus
840 1234 890 1295 est
912 1229 1025 1296 Ulixes
1048 1231 1084 1295 in
1098 1246 1149 1296 113

91 1315 149 1379 illo
178 1337 286 1380 errore
312 1315 477 1400 diuturno,
504 1338 577 1381 cum
604 1321 638 1380 et
664 1317 868 1401 mulieribus,
898 1318 926 1382 si
949 1317 1040 1384 Circe
1063 1321 1096 1382 et

92 1401 233 1488 Calypso
261 1404 411 1470 mulieres
440 1404 651 1489 appellandae
679 1409 768 1487 sunt,
799 1405 970 1469 inserviret
1002 1410 1035 1470 et
1061 1405 1096 1469 in

91 1491 180 1556 omni
202 1512 349 1558 sermone
372 1492 522 1557 omnibus
550 1492 607 1556 adi
605 1491 725 1556 abilem
749 1495 796 1572 [et
816 1491 1002 1572 iucundum]
1026 1513 1096 1556 esse

92 1600 126 1643 se
148 1580 261 1644 vellet!
284 1580 371 1645 domi
393 1601 470 1646 vero
494 1579 593 1645 etiam
616 1583 692 1644 cont
678 1579 829 1643 tumelias
853 1600 1020 1644 servorum
1043 1601 1096 1643 an·

91 1667 303 1768 cillarumque
325 1668 521 1752 pertulit,u
521 1667 600 1733 tad
621 1667 655 1731 id
678 1667 860 1750 aliquande,
884 1666 970 1750 quod
992 1667 1096 1750 cupie

90 1755 156 1839 bat,
179 1755 311 1821 veniret.
289 1753 394 1820 ιΑι
411 1690 521 1840 illex,u
528 1777 591 1840 quo
615 1755 722 1820 animo
745 1755 894 1838 traditur,
917 1754 1022 1819 milies
1041 1775 1096 1838 op·

90 1847 200 1927 petere
231 1846 371 1908 mortem
403 1865 500 1926 quam
530 1843 590 1909 illa
620 1844 748 1928 perpeti
779 1842 957 1907 maluisset.
1007 1841 1095 1918 Quae

91 1932 347 2015 contemplantes
363 1931 539 2015 expendere
554 1932 727 2015 oportebit,
741 1931 818 2015 quid
832 1931 967 2015 quisque
976 1931 1096 1995 habeat

91 2017 150 2102 sui,
173 2040 273 2102 eaque
291 2018 453 2083 moderari
471 2041 530 2085 nec
547 2021 632 2084 velle
650 2020 798 2104 experiri,
820 2041 919 2103 quam
937 2040 971 2083 se
991 2018 1097 2083 aliena

92 2105 237 2190 deceant,
266 2106 300 2170 id
327 2106 413 2170 enim
440 2128 588 2172 maxume
616 2129 773 2191 quemque
801 2107 904 2191 decet,
933 2106 1019 2191 quod
1046 2109 1096 2170 est

91 2193 243 2276 cuiusque
265 2216 414 2258 maxume
437 2216 539 2259 suum.
574 2194 676 2268 Situm
696 2195 830 2279 quisque
849 2195 951 2281 igitur
968 2197 1082 2259 noscat
1098 2209 1148 2258 114

90 2302 498 2454 redimeretur
511 2283 946 2454 §libertatern
964 2304 1097 2435 intr

92 2461 147 2520 tur
173 2457 292 2522 habere
319 2458 458 2542 ptruden
459 2457 522 2521 iae>
562 2456 619 2520 Illi
645 2458 731 2521 enim
757 2479 824 2521 non
847 2461 1010 2541 optumas,
1040 2456 1097 2520 sed

92 2545 156 2608 sibi
170 2545 531 2611 accommodatissumas
545 2543 673 2609 fabulas
693 2544 832 2629 eligunt,
852 2545 907 2627 qui
924 2565 1001 2609 voce
1019 2543 1096 2607 freti

91 2636 168 2697 sunt
172 2633 379 2719 ,Epigonos
406 2632 612 2715 Medumque,
645 2631 701 2714 qui
730 2634 838 2715 gestu,
868 2630 1096 2730 Melanippum,

92 2718 351 2805 Clytemestram,
370 2742 496 2807 semper
509 2719 669 2805 Rupilius,
688 2739 783 2802 quem
797 2737 857 2803 ego
872 2717 1013 2799 memini,
1031 2716 1097 2781 An·

92 2807 231 2892 tiopam,
265 2830 332 2873 non
364 2831 459 2893 saepe
490 2806 638 2891 Aesopus
665 2804 807 2870 Aiacem.
857 2804 963 2906 Ergo
978 2766 1073 2868 hist'
1032 2808 1096 2871 ιιιο

91 2894 154 2960 hoc
174 2896 492 2979 videbitin1n,scaena
513 2917 581 2960 non
597 2893 721 2960 videbit
739 2893 867 2994 sapiens
886 2893 936 2958 vir
954 2892 989 2956 in
1006 2915 1039 2958 ιι
1030 2892 1096 2959 ta?

92 2981 144 3046 Ad
162 3005 242 3067 quas
260 2984 363 3069 igitur
381 3006 432 3049 res
451 2983 613 3067 aptissimi
632 2983 761 3065 erimus,
780 2981 815 3045 in
832 2981 872 3045 iis
890 2981 1097 3066 potissimum

92 3071 395 3156 elaborabimus5
369 3093 420 3136 sm
442 3071 616 3155 aliquando
638 3070 815 3136 necessitas
837 3091 898 3136 nos
921 3070 963 3136 ed

91 3159 238 3244 truserit,
271 3181 352 3243 quae
383 3158 487 3224 nostri
518 3159 641 3244 ingenii
671 3180 739 3224 non
769 3162 877 3243 erunt,
908 3180 928 3224 o
987 3156 996 3173 ⁰

90 3246 232 3312 hibenda
254 3248 317 3312 erit
339 3269 424 3331 cura,
447 3246 630 3331 meditatio,
653 3246 836 3332 diligentia,
859 3251 896 3311 ut
919 3269 959 3313 ea

93 3333 214 3419 decore,
233 3339 267 3400 at
286 3357 384 3420 quam
402 3335 534 3400 minime
552 3334 700 3401 indecore
717 3336 823 3402 facere
840 3334 966 3421 possim

91 3424 161 3486 tam
179 3426 230 3488 est
248 3423 441 3509 enitendum,
461 3426 498 3489 ut
516 3423 610 3509 bona,
629 3444 711 3508 quae
727 3423 824 3491 nobis
841 3423 921 3491 data

91 3529 277 3598 sequamur,
301 3533 398 3596 quam
421 3513 458 3577 ut
480 3510 563 3578 vitia
583 3510 757 3599 fugiamus.
805 3568 808 3573 .
909 3596 913 3603 Ι
