2476 3848
500 159 740 224 -470-

118 342 185 386 non
207 320 314 385 solum
340 318 475 402 indocti,
505 318 561 383 sed
584 317 682 382 etiam
705 316 793 383 docti
816 317 1020 405 dissentiant3
1045 342 1128 404 quo·

118 432 192 473 rum
214 406 381 491 opiniones
408 427 481 470 oum
502 410 572 470 tam
594 405 703 469 variae
731 405 796 470 sint
825 409 957 490 tamque
978 407 1065 472 inter
1090 431 1127 474 se

119 496 324 578 dissidentes,
355 494 493 559 alterum
521 493 593 558 ficri
621 493 767 577 profecto
794 497 917 578 potest,
944 498 981 559 ut
1010 517 1126 561 aarum

118 584 219 667 nulla,
242 584 381 647 alterum
400 586 486 646 06116
507 603 573 646 non
590 584 709 665 potest,
731 584 768 645 ut
790 583 865 666 plus
882 604 948 647 una
969 604 1047 648 vera
1070 585 1126 650 sit.

84 670 190 747 3Qua
216 670 345 755 quidem
371 670 406 733 in
432 691 529 734 causa
551 673 583 734 et
610 669 778 734 benivolos
801 670 1027 756 obiurgatores
1055 673 1127 756 pla-

119 781 191 825 care
215 762 247 823 et
273 758 401 823 invidos
423 758 660 842 vituperatores
688 756 855 822 confutare
877 779 1064 843 possumus,
1088 764 1126 824 ut

119 849 240 913 alteros
259 845 501 931 reprehendisse
519 845 692 930 paeniteat,
711 845 807 910 alteri
826 846 973 911 didicisse
992 869 1027 912 16
1046 868 1126 934 gau-

119 937 229 1019 161113
260 957 337 999 nam
364 934 420 1017 qui
447 933 621 998 admonent
648 933 762 1016 amice,
792 933 925 999 docendi
947 938 1036 1020 sunt,
1067 935 1126 1019 qui

84 1036 100 1084 o
118 1023 245 1088 inimice
263 1023 472 1104 insectantur,
490 1020 674 1105 repellendi.
710 1020 850 1086 Multum
869 1025 978 1087 autem
990 1023 1125 1088 fluxisse

118 1111 211 1176 video
235 1110 274 1173 de
296 1108 389 1172 libris
406 1108 537 1192 nostris,
560 1129 641 1192 quos
664 1109 839 1193 compluris
861 1110 953 1176 brevi
974 1113 1125 1194 tempore

119 1198 289 1280 edidimus,
315 1196 504 1280 variumque
532 1218 712 1261 sermonem
738 1196 860 1281 partim
882 1197 1125 1283 admirantium,

118 1286 201 1351 unde
224 1285 285 1350 hoc
307 1284 559 1369 philosophandi
580 1285 675 1349 nobis
698 1285 806 1349 subito
834 1285 977 1350 studium
999 1287 1125 1352 extitis-

119 1377 178 1457 set,
199 1373 329 1458 partim,
352 1372 428 1456 quid
452 1394 577 1456 quaque
595 1372 634 1437 de
657 1395 691 1436 re
714 1373 793 1438 16111
816 1373 1017 1458 haberemus,
1040 1375 1125 1440 scire

118 1461 324 1546 cupientium.
369 1460 482 1525 Multis
511 1460 610 1525 etiam
639 1460 726 1525 sensi
753 1460 902 1525 mirabile
924 1461 1027 1526 videri
1049 1484 1125 1527 eam

117 1549 212 1615 nobis
239 1549 446 1634 potissimum
471 1549 643 1632 probatam
667 1569 737 1612 esse
759 1548 1014 1633 philosophiam,
1038 1571 1124 1632 quae

118 1640 223 1703 lucem
246 1638 384 1722 eriperet
402 1640 435 1701 et
457 1636 551 1720 quasi
571 1639 700 1701 noctem
718 1636 879 1719 quandam
901 1637 997 1702 rebus
1020 1637 1124 1702 offun-

118 1727 220 1809 deret,
248 1725 456 1809 desertaeque
479 1724 667 1808 disciplinae
690 1726 723 1787 et
748 1723 814 1787 iam
840 1724 966 1808 pridem
987 1723 1123 1789 relictae

117 1813 333 1899 patrocinium
346 1811 572 1895 necopinatum
591 1834 611 1875 a
628 1811 722 1876 nobis
741 1832 811 1875 esse
825 1816 1018 1896 susceptum.
1048 1810 1123 1878 Nos

119 1905 227 1967 autem
253 1923 313 1965 1160
340 1899 447 1963 subito
475 1899 637 1983 coepimus
664 1898 889 1982 philosophari
917 1921 976 1965 nec
1002 1899 1124 1965 medio-

118 2012 204 2055 crem
232 1987 379 2072 aprimo
405 1990 551 2069 tempore
578 1986 696 2050 aetatis
723 1986 758 2049 in
784 2008 821 2051 eo
850 1987 957 2052 studio
988 2009 1124 2073 operam

118 2097 291 2159 curamque
318 2073 574 2158 consumpsimus
597 2076 643 2157 et,
670 2095 742 2138 cum
769 2074 900 2139 minime
922 2074 1124 2160 videbamur,

117 2169 188 2228 tum
211 2162 349 2227 maxime
371 2160 695 2246 philosophabamur,
718 2163 803 2245 quod
827 2166 859 2226 61
883 2163 1046 2228 orationes
1071 2165 1125 2229 de·

117 2250 244 2315 clarant
269 2249 408 2314 refertae
437 2248 704 2334 philosophorum
728 2250 896 2315 sententiis
920 2255 953 2315 et
976 2250 1125 2318 doctissi-

118 2360 245 2404 morum
267 2338 435 2402 hominum
452 2336 702 2421 familiaritates,
726 2338 841 2421 quibus
861 2359 988 2423 semper
1006 2340 1124 2405 domus

117 2431 231 2493 nostra
256 2426 380 2508 floruit,
402 2428 435 2489 et
457 2425 617 2509 principes
640 2425 704 2508 illi,
727 2425 900 2510 Diodotus,
922 2427 1032 2511 Philo,
1055 2427 1124 2492 An-

84 2515 260 2598 1110011111,
281 2513 486 2596 Posidonius,
509 2535 529 2576 a
552 2513 667 2596 quibus
689 2513 833 2578 instituti
860 2535 980 2579 sumus.
1023 2513 1070 2581 Et
1094 2516 1126 2582 si

119 2602 227 2669 omnia
257 2599 482 2686 philosophiae
517 2603 691 2684 praecepta
721 2600 904 2666 referuntur
935 2602 976 2666 ad
1008 2603 1125 2689 vitam,

119 2691 315 2756 arbitramur
345 2709 405 2753 nos
434 2690 467 2752 et
497 2687 636 2771 publicis
659 2691 692 2752 61
722 2688 859 2772 privatis
890 2689 925 2753 in
956 2690 1052 2756 rebus
1084 2714 1125 2758 ea

84 2777 329 2863 4pracstitisse,
352 2797 433 2859 quae
452 2775 535 2839 ratio
559 2778 592 2839 et
610 2775 756 2840 doctrina
777 2777 1031 2861 praescripserit.
1064 2777 1126 2845 sin

120 2870 227 2930 autem
246 2865 318 2949 quis
336 2863 480 2947 requirit,
503 2885 584 2948 quae
602 2885 700 2928 causa
716 2886 776 2928 nos
798 2865 963 2949 inpulerit,
985 2869 1022 2930 ut
1040 2865 1127 2934 haec

118 2957 187 3018 tam
215 2975 286 3019 sero
313 2951 433 3017 litteris
456 2950 695 3035 mandaremus,
721 2951 804 3016 nihil
828 2956 890 3036 est,
920 2952 1006 3036 quod
1028 2976 1127 3040 expe-

119 3040 187 3105 dire
214 3045 282 3106 tam
308 3040 403 3106 facile
430 3039 600 3125 possimus.
645 3038 731 3104 Nam
758 3062 831 3105 eum
858 3040 926 3106 otio
953 3041 1127 3128 languere-

119 3149 204 3212 mus,
232 3132 265 3193 et
294 3130 323 3193 is
351 3133 437 3194 61161
464 3128 510 3192 161
540 3127 688 3212 publicae
717 3131 835 3214 status,
861 3133 899 3194 ut
926 3151 998 3195 eam
1025 3131 1126 3198 unius

119 3216 254 3281 consilio
282 3220 378 3301 atque
405 3239 481 3282 cura
504 3215 679 3302 gubernari
699 3238 828 3283 necesse
851 3221 949 3302 esset,
978 3217 1128 3302 primum

199 3414 215 3457 s
238 3392 457 3478 explicandam
479 3391 593 3476 putavi
615 3392 727 3478 magni
753 3392 941 3458 existimans
962 3392 1128 3464 interesse

117 3302 127 3342 ⁴
156 3304 221 3369 sius
244 3304 291 3368 rei
316 3305 465 3390 publicae
488 3324 585 3368 causa
611 3303 853 3389 philosophiam
874 3305 995 3371 nostris
1018 3305 1128 3374 homi-

131 3326 278 3623 &decas
301 3480 397 3547 etad
420 3479 548 3544 laudem
571 3479 712 3545 civitatis
735 3501 787 3545 res
814 3483 883 3546 tam
907 3480 1016 3568 gravis
1039 3486 1131 3551 tam-
