2476 3848
475 171 716 236 -317-

94 346 142 411 ita
164 365 200 409 se
223 348 349 431 gerunt,
370 344 419 409 ita
441 345 565 428 vivunt,
586 348 624 409 ut
647 366 757 410 eorum
775 345 931 429 probetur
948 344 1037 429 fides,
1053 346 1100 411 in·

95 432 242 518 tegritas,
265 431 421 517 aequitas,
444 432 635 514 liberalitas,
656 454 716 497 nec
739 432 782 496 sit
800 431 836 496 in
857 431 904 496 eis
926 432 995 496 ulla
1015 434 1101 518 eupi-

96 522 190 604 ditas,
212 520 323 605 libido,
346 521 489 605 audacia,
512 521 641 604 sintque
664 541 784 605 magna
807 519 999 604 constantia,
1021 525 1059 585 ut
1076 521 1101 586 ii

95 610 239 692 fuerunt,
271 608 366 674 modo
397 630 477 693 qnos
508 608 689 692 nominavi,
720 608 780 673 hos
802 607 891 673 viros
920 608 1037 693 bonos,
1064 613 1101 674 ut

95 696 202 761 habiti
225 697 313 780 sunt,
336 695 383 762 sic
405 696 504 760 etiam
527 695 738 780 appellandos
761 699 925 780 putemus,
956 697 1031 780 quia
1054 718 1101 761 se-

96 788 246 869 quantur,
265 787 420 867 quantum
438 783 585 848 homines
603 788 750 868 possunt,
772 787 924 848 naturam
943 784 1100 867 optimam

95 874 177 937 bene
199 871 329 937 vivendi
352 872 471 936 ducem.
504 869 557 937 Sic
580 872 665 936 enirn
685 870 764 936 mihi
782 872 962 956 perspicere
980 872 1100 956 videor,

95 961 144 1024 ita
166 963 261 1024 natos
285 980 355 1024 esse
372 980 442 1044 nos,
459 962 497 1024 ut
515 959 600 1023 inter
618 981 730 1038 omnes
749 964 835 1024 esset
850 960 986 1025 societas
1006 982 1100 1044 quae

98 1048 181 1131 dam,
197 1047 301 1112 maior
317 1050 435 1131 autern,
448 1050 486 1112 ut
504 1048 639 1131 quisque
656 1069 812 1132 proxume
826 1048 998 1113 accederet.
1033 1047 1100 1113 Ita-

18 1206 25 1226 ,
99 1157 159 1219 que
187 1135 272 1200 cives
299 1135 442 1220 potiores
471 1157 569 1219 quam
595 1135 771 1221 peregrini,
802 1136 976 1220 propinqui
1004 1158 1101 1220 quam

98 1223 208 1306 alieni,
235 1244 309 1288 cum
335 1223 387 1286 his
409 1222 495 1287 enirn
524 1222 701 1287 amicitiam
727 1227 845 1287 natura
867 1224 939 1307 ipsa
961 1225 1101 1308 peperit,

98 1311 155 1376 sed
177 1333 216 1375 ea
236 1333 303 1375 non
325 1311 405 1375 satis
428 1311 529 1375 habet
550 1310 726 1374 firmitatis.
762 1309 910 1393 Namque
928 1311 990 1375 hoc
1008 1334 1100 1395 prae-

99 1403 166 1463 stat
189 1399 332 1464 amicitia
352 1397 597 1483 propinquitati,
621 1397 706 1481 quod
729 1419 768 1461 ex
786 1397 1029 1482 propinquitate
1047 1399 1100 1462 be-

97 1486 277 1551 nivolentia
294 1486 369 1551 tolli
386 1490 505 1571 potest,
528 1508 567 1550 ex
585 1485 728 1549 amicitia
741 1506 808 1549 non
825 1489 948 1568 potest3
972 1485 1102 1550 sublata

98 1575 184 1639 enim
202 1575 421 1639 benivolentia
440 1574 600 1639 amicitiae
620 1593 738 1637 nomen
756 1572 897 1656 tollitur,
916 1573 1102 1657 propinqui-

97 1663 177 1728 tatis
204 1666 323 1727 manet.
364 1661 492 1738 Quanta
510 1665 619 1726 autern
640 1661 690 1725 vis
714 1660 874 1725 amicitiae
899 1661 954 1741 sit,
983 1681 1021 1724 ex
1038 1661 1100 1726 hoc
1120 1669 1153 1719 20

97 1751 246 1835 intellegi
268 1750 407 1814 maxime
428 1753 548 1834 potest,
571 1749 655 1833 quod
673 1771 712 1813 ex
729 1748 858 1812 infinita
876 1748 1030 1813 societate
1049 1771 1101 1835 ge·

98 1839 184 1903 neris
208 1837 354 1921 humani,
382 1859 480 1921 quam
502 1837 687 1902 conciliavit
708 1837 781 1921 ipsa
802 1841 933 1920 natura,
959 1837 1007 1901 ita
1029 1858 1101 1902 con-

97 1929 205 1990 tracta
230 1946 283 1989 res
306 1928 356 1989 est
379 1929 412 1989 et
436 1925 574 1990 adducta
595 1925 631 1989 in
652 1928 842 2011 angustum,
864 1928 901 1989 ut
924 1925 1028 1989 omnis
1052 1947 1102 1990 oa·

82 2013 181 2077 'ritas
205 2016 261 2077 aut
282 2013 368 2076 inter
391 2013 470 2078 duos
493 2017 551 2078 aut
572 2012 657 2077 inter
679 2034 800 2098 paucos
822 2013 1018 2098 iungeretur.

165 2100 227 2164 Est
250 2100 334 2164 enirn
358 2101 500 2165 amicitia
521 2100 604 2165 nihil
627 2101 714 2165 aliud
736 2101 801 2165 nisi
819 2101 962 2166 omnium
981 2100 1101 2165 divina·
1120 2093 1139 2157 6

100 2210 172 2252 rurn
185 2187 461 2271 humanarumque
475 2210 582 2252 rerum
596 2210 669 2252 eum
682 2189 903 2254 benivolentia
920 2192 953 2252 et
966 2189 1102 2254 caritate

100 2274 281 2358 eonsensi03
303 2297 367 2358 qua
390 2276 519 2359 quidem
538 2275 619 2340 haut
644 2276 709 2340 scio
728 2298 770 2340 an
788 2280 922 2360 excepta
941 2276 1117 2360 sapientia*

99 2364 182 2427 nihil
211 2363 327 2427 melius
358 2363 483 2427 homini
514 2363 558 2427 sit
589 2385 609 2427 a
640 2362 689 2425 dis
720 2363 949 2428 inmortalibus
982 2365 1102 2428 datum.

99 2451 240 2515 Divitias
264 2450 321 2514 alii
343 2454 562 2535 praeponunt,
583 2450 702 2513 bonam
725 2450 782 2514 alii
803 2450 1022 2533 valitudinem,
1046 2451 1103 2514 alii

99 2538 290 2623 potentiam,
313 2538 369 2603 alii
390 2538 541 2621 honores,
564 2536 661 2601 multi
683 2537 782 2600 etiam
804 2538 999 2621 voluptates.
1043 2535 1102 2600 Be-

99 2627 228 2690 luarum
250 2627 312 2692 hoc
335 2625 463 2710 quidem
490 2629 682 2708 extremum,
713 2624 773 2688 illa
799 2627 907 2689 autem
935 2623 1102 2708 superiora

100 2713 220 2779 caduca
243 2717 276 2778 et
298 2712 430 2797 incerta,
452 2713 561 2797 posita
582 2716 739 2777 nontam
762 2712 796 2775 in
818 2710 961 2776 consiliis
979 2711 1101 2774 nostris

102 2822 199 2883 quam
221 2801 257 2864 in
281 2800 430 2865 fortunae
459 2800 651 2865 temeritate.
697 2798 758 2874 Qui
786 2802 893 2864 autem
920 2798 954 2862 in
981 2797 1101 2862 virtute

102 2909 264 2951 summum
285 2888 406 2952 bonum
435 2891 573 2972 ponunt,
604 2888 768 2971 praeclare
795 2886 845 2950 illi
872 2885 1015 2969 quidem,
1046 2886 1103 2950 sed

101 2975 180 3038 haee
202 2974 275 3058 ipsa
296 2976 400 3040 virtus
423 2975 600 3040 amicitiam
623 2979 656 3039 et
679 2975 785 3060 gignit
807 2978 840 3038 et
863 2973 1022 3056 continet,
1044 2995 1102 3040 nec

101 3061 171 3126 sine
193 3061 314 3127 virtute
338 3063 480 3128 amicitia
502 3084 571 3127 esse
594 3063 662 3126 ullo
685 3066 782 3146 pacto
800 3065 919 3147 potest.
952 3060 1023 3126 Iarn
1041 3062 1102 3126 vir·
1121 3069 1153 3118 21

100 3154 206 3216 tutem
229 3171 268 3215 ex
290 3150 517 3216 consuetudine
540 3151 627 3216 vitae
646 3149 866 3233 sermonisque
885 3150 990 3215 nostri
1007 3150 1103 3215 inter-

100 3243 266 3323 pretemur
287 3260 346 3303 nec
369 3260 449 3322 earn,
471 3241 509 3302 ut
528 3239 659 3321 quidam
677 3237 774 3318 docti,
791 3239 963 3304 verborum
982 3239 1103 3324 magni·

100 3327 231 3391 ficentia
253 3327 426 3390 metiamur
448 3325 598 3410 virosque
625 3327 728 3392 bonos
756 3348 824 3412 eos,
856 3326 911 3412 qui
933 3326 1104 3410 habentur,

99 3435 316 3497 numeremus,
333 3413 463 3497 Paulos,
480 3411 631 3498 Catones,
654 3414 763 3500 Gelos,
786 3413 960 3502 Scipiones,
977 3413 1104 3499 Philos3

99 3500 152 3566 his
172 3502 352 3568 communis
370 3501 439 3567 vita
457 3504 609 3568 contenta
627 3506 692 3590 est;
709 3524 764 3569 eos
783 3509 891 3571 autern
905 3503 1104 3587 omittamus,
