2476 3848
474 159 714 224 -135-

94 322 169 386 dam
195 323 291 406 putat
322 323 491 405 cavetque,
521 344 562 387 ne
594 322 671 407 quid
697 323 846 388 indecore
876 321 1099 392 effeminateve
1193 345 1195 348 ⁴

93 410 206 492 faciat,
238 413 309 473 tum
340 408 374 472 in
403 409 552 474 omnibus
580 414 613 475 01
641 410 846 495 opinionibus
874 415 907 475 et
934 410 1030 476 factis
1057 433 1098 477 110

93 497 170 580 quid
185 497 366 561 lubidinose
381 501 437 561 aut
451 496 552 562 faciat
567 500 623 562 aut
637 498 767 583 cogitet.
801 498 923 573 Quibus
943 520 981 562 01
1001 501 1098 564 rebus

93 585 251 649 conflatur
279 588 312 648 01
339 583 477 648 efficitur
503 585 551 668 id,
578 586 664 668 quod
692 586 890 670 quaerimus,
916 586 1098 670 honestum,

94 673 179 755 quod
199 671 327 736 etiamsi
344 672 552 737 nobilitatum
570 695 638 737 non
656 673 708 756 sit,
727 678 837 738 tamen
853 674 1026 738 honestum
1046 673 1098 757 sit,

93 760 242 843 quodque
259 781 334 824 vere
353 759 496 844 dicimus,
515 760 644 824 etiamsi
661 783 681 826 a
698 762 788 826 nullo
805 761 963 845 laudetur,
980 765 1098 826 natura
1191 793 1194 799 ·

93 869 163 912 esse
186 847 358 912 laudabile.

158 934 309 1000 Formam
338 934 468 1019 quidem
494 936 613 1020 ipsam,
644 935 752 1002 Marce
778 936 841 1019 fili,
868 941 901 1001 et
930 927 1138 1021 tamquam5

92 1023 208 1087 faciem
230 1022 361 1088 honesti
382 1023 485 1106 vides,
514 1024 625 1107 ‘quae
653 1024 686 1088 si
714 1024 837 1089 oculis
861 1029 1098 1109 cerneretur,
1118 1003 1152 1052 15

93 1111 295 1175 mirabiles
322 1109 497 1194 amorcs’,
527 1114 564 1175 ut
591 1111 638 1175 ait
664 1111 775 1195 Plat0,
807 1111 1014 1177 ‘excitaret
1041 1134 1099 1178 sa·

92 1197 292 1283 pientiae'.
328 1195 390 1262 sed
407 1220 510 1281 omne,
529 1199 615 1281 quod
634 1203 684 1263 est
696 1200 878 1284 honestum,
896 1200 930 1264 id
945 1202 1099 1284 quattuor

93 1286 236 1370 partium
264 1284 367 1350 oritur
395 1307 433 1350 01
461 1286 582 1369 aliqua:
614 1291 670 1351 aut
697 1287 783 1351 enim
809 1288 844 1352 in
870 1288 1099 1372 perspicientia

92 1374 163 1438 veri
189 1373 398 1456 sollertiaque
424 1377 573 1438 versatur
601 1375 718 1439 autin
748 1375 917 1439 hominum
944 1376 1098 1441 societate

93 1461 213 1525 tuenda
235 1460 469 1545 tribuendoque
493 1463 586 1525 suum
605 1461 719 1545 cuique
742 1465 774 1526 01
792 1484 901 1526 rerum
920 1466 1099 1528 contracta·

93 1571 165 1613 rum
192 1548 255 1613 fide
283 1552 340 1614 aut
366 1549 402 1613 in
428 1548 529 1614 animi
556 1550 673 1614 excelsi
702 1553 799 1634 atque
830 1549 945 1614 invicti
975 1551 1099 1636 magni·

91 1637 203 1701 tudine
226 1659 264 1702 ac
286 1637 403 1702 robore
427 1640 483 1701 aut
506 1637 540 1700 in
563 1637 721 1719 omnium,
744 1658 825 1721 quae
847 1637 930 1701 fiunt
954 1659 1098 1722 quaeque

92 1725 254 1808 dicuntur,
282 1724 394 1789 ordine
422 1727 454 1788 01
481 1724 590 1809 modo,
617 1725 652 1789 in
680 1746 743 1809 quo
771 1725 856 1789 inest
883 1725 1099 1790 modestiaet

91 1812 317 1896 temperantia.
349 1811 438 1886 Quae
457 1816 611 1894 quattuor
631 1834 826 1897 quamquam
843 1812 929 1877 inter
943 1834 977 1877 se
997 1813 1152 1892 colli-(15)

93 1904 170 1986 gata
198 1904 296 1983 atque
322 1899 491 1984 implicata
518 1905 606 1984 sunt,
638 1905 749 1965 tamen
778 1923 817 1965 ex
844 1900 982 1986 singulis
1011 1904 1099 1967 certa

93 1987 274 2052 officiorum
298 2007 417 2072 genera
438 1992 627 2072 nascuntur,
652 1989 742 2054 velut
765 2011 804 2053 01
827 2010 864 2053 00
886 1992 993 2074 parte,
1017 2010 1099 2072 quae

92 2076 199 2159 prima
221 2074 377 2159 discripta
400 2078 458 2158 001,
481 2076 516 2139 in
539 2098 603 2159 qua
621 2077 815 2161 sapientiam
838 2081 871 2141 01
892 2077 1099 2162 prudentiam

92 2162 252 2246 ponimus,
275 2163 360 2227 inest
381 2162 550 2249 indagatio
574 2168 670 2248 atque
693 2165 837 2230 inventio
860 2165 942 2250 veri,
967 2165 1098 2249 eiusque

92 2249 223 2314 virtutis
250 2251 313 2315 hoc
339 2272 455 2315 munus
484 2256 534 2316 001
560 2253 735 2337 proprium.
780 2251 828 2317 Ut
851 2252 936 2317 enim
963 2253 1098 2336 quisque
1118 2271 1151 2319 rs

93 2337 232 2402 maxime
254 2339 422 2423 perspicit,
450 2339 527 2422 quid
553 2339 644 2404 inre
668 2362 793 2425 quaque
816 2340 1021 2405 verissimum
1046 2340 1098 2424 sit,

93 2424 211 2508 quique
235 2426 420 2491 acutissime
443 2431 476 2491 et
498 2427 663 2492 celerrime
685 2431 795 2510 potest
818 2430 851 2491 et
869 2427 976 2492 videre
996 2431 1029 2491 01
1048 2449 1098 2492 01-

91 2513 213 2598 plicare
236 2514 409 2592 rationem,
438 2514 467 2578 is
489 2514 759 2599 prudentissimus
783 2517 816 2578 01
840 2515 1097 2598 sapientissimus

90 2601 153 2665 rite
176 2601 291 2666 haberi
313 2602 406 2666 solet.
443 2600 598 2676 Quocirca
620 2602 696 2666 huic
719 2601 812 2685 quasi
830 2602 976 2684 materia,
1000 2622 1097 2683 quam

91 2691 211 2754 tractet
233 2693 267 2753 01
289 2689 325 2753 in
348 2711 411 2773 qua
432 2693 588 2770 versetur,
611 2689 756 2753 subiecta
779 2692 829 2752 est
846 2688 976 2752 veritas.
1012 2688 1097 2752 11011-
1117 2706 1150 2756 17

92 2777 164 2860 quis
193 2780 302 2841 autem
329 2777 435 2841 tribus
462 2777 638 2842 virtutibus
666 2775 877 2841 necessitates
909 2774 1097 2858 propositae

92 2867 168 2926 sunt
195 2864 237 2928 ad
264 2886 318 2929 eas
346 2887 397 2929 res
424 2865 585 2948 parandas
616 2864 829 2946 tuendasque,
863 2862 978 2946 quibus
1012 2863 1096 2929 actio
1128 2877 1146 2911 θ

90 2950 178 3016 vitae
197 2952 389 3035 continetur,
407 2956 444 3016 ut
463 2956 495 3016 et
514 2953 650 3017 societas
668 2952 837 3016 hominum
852 2950 1096 3036 coniunctioque

91 3042 237 3104 servetur
269 3043 301 3104 01
335 3039 435 3104 animi
467 3040 655 3105 excellentia
681 3039 935 3125 magnitudoque
963 3063 1035 3104 cum
1061 3040 1098 3104 in

89 3127 246 3213 augendis
274 3127 391 3212 opibus
418 3127 678 3212 utilitatibusque
706 3131 739 3193 et
767 3127 830 3191 sibi
857 3131 889 3191 01
917 3127 984 3192 suis
1011 3150 1096 3193 com-

89 3216 256 3299 parandis,
283 3220 354 3280 tum
381 3216 485 3283 multo
512 3216 618 3300 magis
644 3215 679 3280 in
705 3215 758 3279 his
780 3215 861 3298 ipsis
884 3215 1096 3301 despiciendis

89 3303 224 3368 eluceat.
274 3301 361 3368 Ordo
392 3304 472 3368 item
504 3307 536 3368 et
568 3304 750 3368 constantia
781 3307 815 3367 et
851 3303 1030 3368 moderatio
1063 3308 1096 3368 01

89 3411 136 3474 00,
160 3412 243 3475 quae
266 3396 341 3456 sunt
363 3391 415 3456 his
439 3391 571 3476 similia,
593 3395 764 3457 versantur
787 3391 822 3454 in
844 3412 882 3455 eo
905 3412 1031 3476 genere,
1055 3391 1097 3455 ad

90 3478 176 3562 quod
199 3483 250 3544 est
273 3479 454 3546 adhibenda
473 3481 557 3546 actio
578 3481 744 3567 quaedam,
766 3500 833 3545 non
851 3479 958 3544 solum
976 3479 1096 3543 mentis
