2476 3848
484 130 722 228 4519-

99 322 312 388 labefactetur
331 323 436 387 oratio
454 321 550 408 mea.)
581 320 667 386 Nam
686 344 759 387 eum
777 323 980 407 ignoratione
997 345 1106 388 rerum

99 410 258 475 bonarum
286 413 320 475 et
340 411 497 474 malarum
524 410 662 474 maxime
683 410 852 474 hominurn
873 411 943 475 vita
964 414 1106 496 vexetur,

100 498 142 563 ob
175 519 309 581 eumque
338 519 479 562 errorem
512 501 546 562 et
575 498 797 581 voluptatibus
829 498 977 562 maximis
1010 519 1105 581 saepe

98 586 265 669 priventur
293 588 326 649 et
352 585 531 649 durissimis
560 585 660 649 animi
691 585 855 650 doloribus
886 588 1105 670 torqueantur,

100 673 259 756 sapientia
282 676 331 737 est
353 672 547 756 adhibenda,
570 694 651 757 quae
675 676 707 736 et
724 673 901 738 terroribus
920 673 1105 755 cupiditati-

98 760 221 844 busque
264 760 416 824 detractis
458 763 490 823 et
535 761 677 824 omnium
722 759 879 824 falsarum
918 760 1105 843 opinionum

98 849 284 912 temeritate
306 847 439 930 derepta
461 848 675 912 certissimam
698 869 732 911 se
754 848 850 913 nobis
881 848 993 912 ducem
1014 869 1105 930 prae-

99 935 176 999 beat
204 935 244 999 ad
270 935 479 1018 voluptatem.
532 933 699 1017 Sapientia
726 936 812 999 enim
838 938 889 1000 est
915 957 993 1019 una,
1024 957 1105 1019 quae

10 1056 17 1074 ·
99 1022 296 1087 maestitiam
327 1023 429 1105 pellat
460 1043 498 1086 ex
527 1023 656 1106 animis,
684 1045 765 1106 quae
791 1045 852 1088 nos
885 1023 1105 1088 exhorrescere

99 1113 187 1174 metu
205 1131 270 1174 non
288 1110 385 1192 sinat3
410 1131 473 1193 qua
494 1110 712 1193 praeceptrice
730 1111 766 1175 in
783 1111 1020 1195 tranquillitate
1041 1111 1106 1175 vivi

97 1200 208 1280 potest
229 1198 373 1262 omnium
396 1197 610 1280 cupiditatum
632 1197 745 1262 ardore
767 1199 931 1263 restincto.
976 1196 1105 1282 Cupidi-

98 1288 185 1349 tates
208 1286 293 1349 enim
317 1290 394 1349 sunt
415 1285 632 1365 insatiabiles,
655 1306 736 1369 quae
758 1306 824 1349 non
841 1286 937 1351 modo
960 1286 1104 1369 singulos

98 1371 259 1456 homines,
283 1372 338 1436 sed
355 1373 521 1442 universas
539 1371 680 1436 familias
699 1375 860 1452 evertunt,
882 1375 987 1437 totam
1005 1374 1105 1436 etiam

97 1459 296 1524 labefactant
327 1480 423 1543 saepe
461 1481 530 1523 rem
560 1460 732 1542 publicam.
788 1459 840 1524 Ex
876 1460 1104 1543 cupiditatibus
1123 1471 1158 1520 44

99 1547 185 1630 odia,
208 1546 355 1630 discidia,
382 1547 574 1630 discordiae,
596 1547 786 1631 seditiones,
813 1547 899 1611 bella
920 1550 1105 1631 nascuntur,

97 1655 157 1699 nec
184 1654 240 1698 eae
267 1656 302 1699 se
328 1635 410 1698 foris
438 1634 543 1699 solum
572 1636 695 1698 iactant
721 1656 780 1699 nec
806 1638 934 1701 tantum
960 1635 995 1698 in
1023 1636 1104 1700 alios

99 1742 193 1786 caeco
224 1722 349 1805 impetu
370 1721 551 1805 incurrunt,
584 1722 639 1786 sed
671 1723 758 1786 intus
793 1723 890 1786 etiam
921 1722 956 1787 in
988 1722 1104 1787 animis

98 1809 242 1874 inclusae
269 1810 355 1874 inter
382 1831 417 1874 se
444 1809 601 1875 dissident
628 1813 724 1894 atque
752 1809 949 1892 discordant,
979 1831 1018 1874 ex
1040 1832 1103 1893 quo

98 1897 202 1961 vitam
220 1897 456 1962 amarissimam
473 1918 603 1962 necesse
622 1900 672 1962 est
690 1897 782 1980 effici,
801 1899 838 1960 ut
852 1898 980 1980 sapiens
999 1898 1105 1962 solum

100 1988 269 2068 amputata
292 1985 542 2069 circumcisaque
564 1985 723 2050 inanitate
746 1984 835 2048 omni
858 1988 891 2050 et
920 2006 1026 2050 errore
1048 2007 1104 2049 na-

98 2075 191 2136 turae
213 2073 331 2137 finibus
355 2076 524 2137 contentus
544 2073 613 2137 sine
633 2072 833 2156 aegritudine
855 2073 959 2155 possit
981 2077 1015 2138 et
1037 2073 1104 2137 sine

98 2162 187 2222 metu
208 2159 324 2223 vivere.
375 2158 463 2235 Quae
486 2162 537 2223 est
559 2160 645 2224 enim
667 2163 724 2224 aut
745 2159 858 2223 utilior
881 2163 938 2224 aut
960 2160 1001 2224 ad
1023 2162 1104 2225 bene
1122 2181 1157 2230 45

96 2245 268 2310 vivendum
300 2246 407 2328 aptior
437 2247 572 2329 partitio
605 2269 701 2331 quam
735 2246 807 2329 illa,
844 2269 908 2331 qua
943 2250 993 2311 est
1028 2271 1104 2312 usus

74 2358 75 2362 ¹
97 2333 279 2416 Epicurus?
302 2333 358 2416 qui
379 2355 479 2397 unum
502 2353 601 2417 genus
623 2335 734 2416 posuit
756 2355 865 2398 earum
885 2334 1104 2419 cupiditatum,

99 2441 179 2504 quae
199 2423 306 2485 essent
324 2422 357 2483 et
373 2420 538 2484 naturales
557 2424 590 2485 et
608 2421 822 2504 necessariae,
845 2421 999 2503 alterum,
1022 2444 1104 2505 quae

97 2507 261 2572 naturales
285 2510 394 2571 essent
412 2529 471 2572 uec
493 2511 603 2572 tamen
619 2509 832 2591 necessariae,
853 2509 998 2591 tertium,
1022 2531 1103 2593 quae

97 2617 157 2661 nec
183 2595 348 2660 naturales
376 2616 435 2660 nec
457 2596 665 2660 necessariae.
711 2596 852 2672 Quarum
877 2617 915 2660 ea
937 2597 1020 2661 ratio
1044 2601 1103 2681 est,

97 2686 135 2747 ut
156 2683 353 2748 necessariae
375 2703 434 2746 nec
456 2704 556 2766 opera
577 2683 680 2747 multa
700 2704 761 2748 nec
784 2686 931 2766 impensa
953 2685 1102 2767 explean-

97 2773 164 2856 tur,
186 2792 226 2835 ne
248 2771 411 2834 naturales
434 2770 563 2854 quidem
585 2771 687 2835 multa
710 2771 907 2854 desiderant,
929 2775 1103 2854 propterea
1121 2793 1157 2843 46

97 2857 182 2940 quod
212 2859 284 2941 ipsa
314 2860 432 2921 natura
463 2857 607 2936 divitias,
641 2859 756 2941 quibus
789 2861 941 2924 contenta
977 2861 1033 2941 sit,
1069 2863 1103 2922 et

96 2944 260 3027 parabiles
288 2947 322 3008 et
347 2945 537 3009 terminatas
564 2944 677 3029 habet3
704 2946 849 3011 inanium
877 2949 984 3009 autem
1014 2947 1102 3029 cupi·

97 3032 234 3095 ditatum
264 3052 324 3095 nec
355 3033 468 3096 modus
501 3032 586 3097 ullus
617 3053 677 3097 nec
712 3033 786 3098 linis
818 3033 954 3097 inveniri
985 3038 1102 3116 potest.

96 3119 218 3195 Quodsi
248 3118 351 3182 vitam
383 3140 511 3184 omnem
541 3120 725 3203 perturbari
757 3121 901 3185 videmus
933 3142 1040 3186 errore
1070 3126 1103 3187 et
1115 3128 1157 3191 14

95 3205 277 3288 inscientia,
300 3206 555 3290 sapientiamque
578 3228 648 3271 esse
671 3208 788 3292 solam,
811 3229 892 3292 quae
910 3230 969 3274 nos
989 3232 1009 3273 a
1031 3211 1103 3275 libi·

97 3294 208 3358 dinum
237 3294 360 3376 impetu
392 3296 425 3358 et
457 3317 477 3358 a
507 3294 715 3359 formidinum
746 3299 883 3360 terrore·
900 3298 1041 3362 vindicet
1070 3301 1105 3365 et

96 3382 198 3465 ipsius
220 3382 370 3446 fortunae
393 3382 516 3447 modice
537 3382 621 3446 ferre
644 3381 759 3447 doceat
780 3384 914 3449 iniurias
941 3388 974 3448 et
996 3385 1111 3451 omnis*

96 3472 255 3534 monstret
285 3470 368 3554 vias,
399 3490 481 3553 quae
513 3470 555 3534 ad
587 3469 729 3554 quietem
762 3474 796 3535 et
830 3471 1068 3556 tranquillitate
