2476 3848
403 180 719 262 ¹„aas”

92 343 126 402 et
147 338 210 403 hoc
231 339 405 422 parricidio
425 361 459 404 se
482 340 652 424 inquinare
671 341 767 404 audet
786 345 818 406 01
840 345 908 406 tam
929 342 1027 425 impie
1050 341 1098 406 in·

92 430 205 511 gratus
238 449 323 511 esse,
354 430 392 491 ut
424 449 495 492 eam
522 432 663 510 accuset,
696 451 792 511 quam
824 430 927 493 vereri
959 430 1097 514 deberet,

93 515 221 579 etiamsi
248 515 355 579 minus
382 516 545 600 percipere
576 516 757 600 potuisset?
807 515 883 600 Sed,
909 520 946 581 ut
973 518 1097 602 opinor,

91 602 144 665 1110
164 624 253 667 error
271 606 304 667 et
325 603 406 668 haec
427 603 631 668 indoctorum
650 604 766 668 animis
786 605 889 669 offusa
910 605 1014 688 caligo
1039 609 1096 690 est,

92 690 177 773 quod
199 694 267 754 tam
290 691 387 776 longe
409 695 495 755 retro
518 692 678 775 respicere
699 713 766 756 non
792 696 928 776 possunt
950 714 1009 757 nec
1032 714 1098 778 eos,

92 801 111 841 a
138 778 253 861 quibus
281 778 349 843 vita
376 779 543 844 hominum
574 781 733 845 instructa
764 781 877 863 primis
910 781 965 864 sit,
995 780 1097 846 fuisse

91 866 303 949 philosophos
328 867 537 931 arbitrantur.
1114 919 1134 981 3

158 954 262 1029 Quam
289 975 358 1018 rem
385 955 645 1039 antiquissimam
675 976 746 1021 cum
773 956 952 1038 videamus,
979 978 1130 1044 nomen7

91 1045 200 1106 tamen
227 1064 298 1107 esse
321 1042 510 1107 confitemur
536 1064 657 1106 recens.
701 1042 787 1108 Nam
810 1045 1005 1126 sapientiam
1028 1045 1096 1128 qui-

91 1130 163 1193 dem
186 1129 292 1212 ipsam
314 1130 385 1214 quis
403 1150 521 1214 negare
543 1134 651 1214 potest
668 1153 734 1195 non
751 1132 847 1196 modo
866 1153 901 1195 re
922 1154 992 1198 esse
1015 1133 1096 1197 anti·

91 1238 200 1300 quam,
229 1239 339 1282 verum
367 1218 464 1281 etiam
491 1218 643 1282 nomine?
671 1240 752 1302 quae
780 1220 961 1284 divinarum
985 1220 1097 1284 huma-

90 1326 268 1390 narumque
286 1327 403 1387 rerum,
423 1309 492 1370 tum
509 1306 677 1371 initiorum
696 1328 925 1391 causarumque
944 1309 1097 1393 cuiusque

91 1394 137 1456 rei
156 1394 338 1477 cognitione
357 1393 419 1458 hoc
437 1393 689 1476 pulcherrimum
706 1416 824 1458 nomen
842 1394 926 1478 apud
946 1396 1096 1479 antiquos

91 1481 334 1565 adsequebatur.
383 1480 496 1565 Itaque
519 1484 552 1544 et
578 1482 652 1545 illos
681 1485 817 1564 septem,
845 1483 900 1566 qui
923 1505 943 1546 a
966 1481 1096 1547 Graecis

92 1572 207 1651 σοφοί,
236 1570 398 1653 sapientes
427 1591 446 1632 a
471 1570 648 1634 nostriset
673 1569 876 1634 habebantur
898 1573 931 1632 et
951 1571 1096 1635 nomina-

91 1658 223 1740 bantur,
247 1661 280 1721 et
297 1658 409 1721 multis
428 1662 504 1721 ante
528 1657 663 1722 saeculis
685 1656 882 1740 Lycurgum,
904 1657 993 1721 cuius
1017 1661 1096 1722 tem·
1191 1711 1194 1716 .

90 1746 223 1827 poribus
246 1744 406 1810 Homerus
431 1746 528 1809 etiam
555 1745 655 1808 fuisse
678 1748 752 1809 ante
779 1745 864 1809 hanc
886 1746 998 1809 urbem
1021 1767 1096 1810 con-

91 1834 192 1897 ditam
219 1834 370 1916 traditur,
399 1837 432 1897 et
458 1835 523 1897 iam
550 1833 689 1898 heroicis
718 1833 879 1896 aetatibus
906 1832 1034 1897 Ulixem
1064 1837 1097 1897 et

90 1921 262 1986 Nestorem
285 1921 465 2005 accepimus
489 1925 522 1985 et
543 1922 642 1985 fuisse
667 1924 699 1985 et
720 1921 849 1985 habitos
878 1942 948 1984 esse
972 1921 1095 2004 sapien·

91 2010 143 2072 tis.
192 2009 261 2074 Nec
288 2031 364 2074 vero
393 2008 511 2073 Atlans
540 2009 697 2073 sustinere
725 2009 848 2074 caelum
877 2030 935 2073 nec
966 2007 1130 2073 Prome-8

90 2095 185 2159 theus
223 2095 345 2159 adfixus
383 2095 525 2162 Caucaso
562 2118 620 2161 nec
657 2098 805 2161 stellatus
842 2094 988 2179 Cepheus
1024 2119 1096 2162 cum

91 2204 202 2263 uxore,
226 2203 357 2265 genero,
380 2184 448 2246 filia
470 2186 663 2266 traderetur,
692 2186 756 2248 nisi
779 2185 965 2249 caelestium
989 2185 1097 2250 divina

92 2269 233 2354 cognitio
251 2291 370 2333 nomen
388 2290 499 2334 eorum
518 2272 558 2335 ad
576 2293 715 2336 errorem
740 2273 871 2338 fabulae
893 2273 1096 2336 traduxisset.

91 2358 121 2421 A
141 2358 255 2441 quibus
279 2356 366 2422 ducti
384 2357 533 2441 deinceps
558 2379 682 2442 omnes,
706 2361 760 2443 qui
779 2361 814 2423 in
832 2382 939 2423 rerum
958 2364 1096 2424 contem·

92 2446 235 2530 piatione
263 2444 370 2509 studia
396 2447 573 2528 ponebant,
601 2447 762 2529 sapientes
786 2450 819 2510 et
839 2446 1041 2510 habebantur
1064 2449 1097 2508 et

92 2534 353 2616 nominabantur,
380 2532 475 2616 idque
503 2555 612 2597 eorum
639 2555 758 2597 nomen
783 2554 883 2615 usque
911 2533 951 2596 ad
975 2533 1095 2614 Pytha·

93 2644 190 2708 gorae
209 2621 353 2686 manavit
375 2624 527 2702 aetatem,
550 2642 657 2704 quem,
679 2625 716 2684 ut
739 2621 851 2684 scribit
873 2619 1001 2683 auditor
1023 2620 1094 2683 Pla-

92 2711 180 2775 tonis
198 2709 353 2775 Ponticus
371 2707 571 2791 Heraclides,
595 2709 644 2772 vir
666 2708 778 2773 doctus
801 2708 837 2771 in
859 2707 986 2790 primis,
1009 2707 1096 2771 Phli-

93 2801 204 2861 untem
226 2798 335 2862 ferunt
362 2797 500 2880 venisse,
528 2818 661 2880 eumque
690 2818 762 2860 oum
788 2794 922 2876 Leonte,
951 2795 1095 2877 principe

92 2883 324 2966 Phliasiorum,
360 2884 452 2950 docte
485 2888 517 2948 et
548 2885 676 2966 copiose
708 2883 894 2948 disseruisse
926 2882 1095 2966 quaedam3

93 2971 181 3035 cuius
208 2971 374 3055 ingenium
401 2976 434 3036 01
460 2972 677 3056 eloquentiam
704 2994 775 3036 cum
806 2970 981 3034 admiratus
1011 2975 1097 3035 esset

92 3059 194 3139 Leon,
217 3059 413 3141 quaesivisse
437 3081 476 3123 ex
499 3081 550 3143 eo,
573 3082 637 3144 qua
658 3059 795 3123 maxime
819 3061 887 3127 arte
910 3057 1095 3143 confideret3

94 3151 127 3211 at
150 3147 242 3210 illum
265 3149 367 3210 artem
391 3147 519 3230 quidem
537 3169 571 3210 se
590 3149 672 3212 scire
695 3147 832 3225 nullam,
855 3146 910 3210 sed
933 3167 1002 3210 esse
1024 3146 1095 3229 phi·
1138 3226 1141 3233 Ι

92 3234 271 3318 losophum.
322 3233 527 3299 Admiratum
558 3234 714 3300 Leontem
745 3235 923 3298 novitatem
954 3235 1095 3299 nominis

94 3323 304 3407 quaesivisse,
332 3322 462 3405 quinam
486 3326 594 3387 essent
621 3323 819 3406 philosophi,
847 3326 880 3386 01
906 3321 982 3405 quid
1012 3323 1097 3386 inter

93 3433 148 3475 eos
172 3415 204 3475 01
223 3411 362 3494 reliquos
385 3410 570 3494 interesset3
594 3409 816 3494 Pythagoram
834 3413 942 3474 antem
964 3431 1097 3493 respon·¹

93 3499 178 3562 disse
202 3499 339 3563 similem
358 3499 421 3562 sibi
444 3499 544 3562 videri
562 3499 663 3563 vitam
686 3498 851 3564 hominum
870 3502 903 3562 01
920 3501 1042 3562 mercat
1080 3498 1094 3579 j

1035 3590 1045 3611 Ο
