2476 3848
518 187 755 253 -358-

132 336 205 411 tto
234 346 382 427 hetrorhtet
412 348 493 428 leben
525 347 635 412 woden.
684 347 793 424 &berlo
825 347 924 410 [caten
955 346 999 409 tie
1027 345 1145 411 llrteile

133 433 236 514 prober
259 436 388 500 winter
411 437 479 500 ittet
502 439 553 499 ben
571 435 644 501 hot.
674 435 745 499 -Unb
769 434 866 499 multet
888 433 960 514 atat
978 433 1040 498 eine
1059 434 1142 500 dion

133 523 235 603 lehuug
263 523 333 587 utet
359 527 436 588 aas?
481 523 564 603 lticht
591 524 637 587 uls
666 523 711 587 eia
739 511 824 600 taes,
857 522 904 587 olo
931 522 1013 587 einen
1041 522 1143 603 bufan

132 612 190 675 unt
204 610 398 691 Rulluchtssort
416 613 468 690 loli
485 630 551 676 mou
570 613 624 676 teu
637 611 701 676 hot
720 608 875 689 tenentes
889 604 1140 696 (5112-119).

199 783 261 850 Sed
278 785 408 870 plurimi
427 788 539 849 contra
557 785 704 849 nituntur
717 785 905 868 animosque
919 785 1012 868 quasi
1028 785 1141 869 capite
1152 753 1199 818 22

133 873 301 938 damnatos
325 876 428 936 morte
451 873 604 956 multant,
630 894 733 958 neque
761 871 848 936 aliud
876 875 925 936 est
953 872 1141 956 quicquam,
1162 857 1197 907 ⁶⁰

133 983 189 1026 cur
211 960 406 1025 incredibilis
429 960 469 1024 iis
493 961 671 1025 animorum
695 960 842 1025 videatur
865 961 1048 1044 aeternitas,
1072 961 1141 1026 nisi

133 1049 217 1132 quod
240 1050 415 1132 nequeunt,
438 1047 543 1133 qualis
567 1049 693 1112 animus
716 1048 758 1112 sit
780 1070 897 1113 vacans
921 1068 1069 1132 corpore,
1092 1049 1141 1113 in·

133 1137 284 1220 tellegere
317 1140 350 1200 et
381 1136 578 1220 cogitatione
607 1135 884 1221 comprehendere.
929 1135 1028 1212 Quasi
1059 1158 1139 1204 vero

132 1224 338 1309 intellegant,
366 1224 471 1308 qualis
499 1225 542 1288 sit
568 1225 602 1288 in
628 1223 700 1308 ipso
728 1245 872 1307 corpore,
900 1245 983 1308 quae
1010 1224 1141 1290 confor-

133 1313 243 1396 matio,
266 1334 347 1397 quae
366 1311 564 1398 magnitudo,
586 1311 642 1397 qui
660 1312 758 1395 locus,
781 1316 845 1396 aut,
869 1313 896 1376 si
919 1313 983 1376 iam
1002 1318 1141 1394 possent

132 1401 167 1466 in
195 1400 326 1465 homine
354 1401 427 1465 vivo
454 1401 541 1466 cerni
567 1400 688 1483 omnia,
717 1422 797 1484 quae
826 1422 911 1465 nunc
938 1403 1025 1464 tecta
1052 1405 1140 1484 sunt,

133 1511 305 1554 casurusne
336 1489 371 1553 in
398 1492 604 1573 conspectum
632 1489 780 1553 videatur
807 1489 947 1570 animus,
975 1510 1016 1552 an
1043 1492 1141 1554 tanta

133 1579 176 1642 sit
208 1578 276 1642 eius
308 1579 463 1658 tenuitas,
496 1582 534 1642 ut
564 1577 669 1661 fngiat
701 1577 813 1641 acieml
867 1576 955 1642 Haec
987 1580 1140 1660 reputent
1160 1596 1194 1645 ω

133 1666 202 1748 isti,
234 1666 289 1751 qui
315 1670 437 1749 negant
464 1666 607 1730 animum
636 1665 705 1728 sine
733 1685 864 1748 corpore
888 1686 921 1729 se
948 1664 1137 1750 intellegere

132 1775 241 1839 posse,
274 1753 443 1834 videbunt,
474 1774 567 1836 quem
599 1751 633 1815 in
665 1753 736 1835 ipso
772 1772 904 1835 corpore
935 1752 1138 1838 intellegant.

133 1841 213 1905 Mihi
237 1840 365 1924 quidem
388 1844 537 1904 naturam
560 1839 660 1903 animi
682 1839 819 1902 intuenti
846 1839 947 1904 multo
977 1840 1140 1906 difficilior

133 1930 272 1993 occurrit
295 1927 462 2011 cogitatio,
490 1927 592 1991 multo
620 1927 799 2008 obscurior,
828 1928 930 2010 qualis
954 1929 1079 1992 animus
1104 1930 1140 1994 in

133 2037 265 2098 corpore
298 2015 342 2078 sit
373 2019 538 2099 tamquam
572 2014 696 2078 alienae
729 2013 852 2097 domui,
888 2037 984 2100 quam
1020 2016 1140 2101 qualis,

134 2124 205 2167 cum
229 2102 342 2166 exierit
365 2105 398 2166 et
419 2102 453 2165 in
475 2102 610 2166 liberum
630 2102 755 2166 caelum
778 2104 869 2186 quasi
892 2103 1022 2168 domum
1046 2127 1140 2170 suam

132 2189 264 2254 venerit.
308 2188 382 2253 Nisi
405 2191 500 2270 enim,
524 2189 608 2273 quod
625 2211 800 2274 numquam
824 2191 971 2274 vidimus,
992 2191 1025 2255 id
1043 2194 1140 2277 quale

134 2278 189 2360 sit,
217 2277 404 2361 intellegere
433 2299 499 2342 non
526 2299 711 2362 possumus,
736 2281 822 2344 certe
851 2282 884 2342 et
910 2279 1003 2344 deum
1030 2280 1141 2364 ipsum

133 2371 166 2430 et
201 2365 343 2430 divinum
380 2367 522 2431 animum
559 2388 692 2450 corpore
729 2367 903 2432 liberatum
939 2368 1140 2451 cogitatione

133 2453 304 2538 complecti
326 2475 506 2538 possumus.
556 2453 771 2520 Dicaearchus
800 2447 928 2538 quidem
957 2460 989 2520 et
1011 2455 1141 2522 Aristo-

133 2563 241 2626 xenus,
265 2542 341 2626 quia
363 2543 503 2608 difficilis
527 2547 596 2607 erat
619 2543 727 2626 animi,
750 2544 826 2627 quid
846 2549 902 2608 aut
920 2543 1023 2628 qualis
1043 2550 1141 2629 esset,

132 2631 368 2715 intellegentia,
400 2631 525 2696 nullum
553 2632 683 2696 omnino
712 2633 854 2696 animum
883 2654 952 2697 esse
979 2633 1141 2698 dixerunt

132 2719 193 2784 Est
215 2719 294 2783 illud
323 2719 449 2802 quidem
478 2719 528 2783 vel
551 2741 736 2783 maxumum
760 2720 867 2785 animo
897 2721 968 2806 ipso
993 2720 1140 2786 animum
1160 2742 1198 2792 sa

132 2808 247 2891 videre,
272 2813 304 2872 et
325 2809 476 2872 nimirum
499 2807 582 2871 hanc
604 2807 704 2872 habet
725 2809 791 2872 vim
815 2813 1021 2892 praeceptum
1038 2807 1141 2891 Apol·

132 2896 220 2977 linis,
249 2918 311 2979 quo
336 2900 457 2978 monet,
484 2898 520 2959 ut
549 2917 582 2958 se
610 2897 745 2979 quisque
775 2900 895 2960 noscat.
940 2894 1015 2960 Non
1044 2896 1142 2979 enim,

133 2985 240 3066 credo,
267 2984 299 3048 id
323 2984 491 3067 praecipit,
519 2988 556 3047 ut
583 2984 729 3047 membra
755 2988 867 3048 nostra
896 2989 953 3048 aut
980 2988 1141 3051 staturam

132 3072 309 3154 figuramve
336 3093 517 3156 noscamus,
549 3093 653 3155 neque
680 3093 740 3135 nos
767 3093 902 3155 corpora
929 3093 1052 3156 snmus,
1079 3094 1141 3139 nec

133 3180 193 3243 ego
226 3159 285 3222 tibi
316 3159 394 3224 haec
426 3160 534 3224 dicens
563 3161 690 3243 corpori
718 3164 773 3224 tuo
802 3161 883 3227 dico.
927 3159 1010 3226 Onm
1037 3160 1143 3246 igitur

133 3244 272 3310 ‘Nosce
290 3243 343 3310 te'
364 3246 452 3329 dicit,
473 3247 535 3312 hoc
554 3247 643 3313 dicit:
667 3245 805 3313 ‘Nosce
825 3249 993 3314 animum
1011 3247 1143 3316 tuum?

132 3331 218 3396 Nam
242 3355 357 3418 corpus
382 3335 510 3417 quidem
534 3336 625 3419 quasi
648 3357 706 3399 vas
735 3340 784 3400 est
807 3341 864 3401 aut
887 3336 1016 3422 aliquod
1039 3338 1141 3403 animi

133 3423 383 3506 receptaculum,
412 3422 453 3485 ab
477 3424 583 3487 animo
606 3429 662 3487 tuo
691 3423 841 3507 quicquid
869 3427 990 3512 agitur,
1017 3426 1050 3490 id
1074 3429 1142 3511 agi·-

70 3502 110 3634 Ι
132 3513 186 3573 tur
211 3533 229 3574 a
252 3514 292 3574 te.
338 3509 432 3575 Hunc
454 3511 553 3594 igitur
574 3531 670 3575 nosse
692 3512 756 3576 nisi
779 3511 926 3578 divinum
948 3517 1047 3598 esset,
1074 3535 1142 3580 non
