2476 3848
555 195 598 206 -
643 158 707 223 522
753 193 795 204 -
1171 240 1179 281 Ι

174 323 263 399 Quae
291 323 400 385 autem
427 323 521 384 tanta
547 341 586 384 ex
612 318 769 402 improbis
796 318 891 382 factis
919 317 960 382 ad
991 317 1187 384 minuendas

173 410 260 473 vitae
283 408 448 472 molestias
471 407 612 472 accessio
631 410 739 489 potest
755 405 839 489 fieri,
861 408 981 490 quanta
1004 406 1045 470 ad
1063 426 1186 490 augen-

174 497 245 580 das,
277 517 349 560 eum
382 494 579 559 conscientia
613 493 790 577 foetorum,
824 496 895 557 tum
930 514 1035 577 poena
1069 493 1186 577 legum

174 584 311 684 odioque
338 582 478 647 oinium?
527 582 572 646 Et
597 582 740 646 tamen
730 603 765 645 m
787 580 980 682 quibusdam
1001 602 1104 682 neque
1128 603 1187 664 pe·

174 671 287 737 cuniae
318 670 431 735 modus
463 672 513 734 est
543 690 646 752 neque
677 669 809 734 honoris
836 690 939 752 neque
965 669 1093 751 imperii
1123 691 1186 734 neo

173 759 344 823 libidinum
370 779 429 822 neo
456 757 624 840 epularum
650 777 710 821 nee
737 756 932 839 reliquarum
960 756 1187 840 cupiditatum,

175 869 255 931 quas
281 846 372 910 nulla
398 844 518 928 praeda
544 866 697 928 umquam
725 844 871 927 improbe
898 846 993 927 parta
1017 845 1135 908 minuit
1156 851 1190 910 et

174 935 283 1017 potius
303 933 497 1015 inflammat,
519 935 556 995 ut
575 931 741 997 ooiroendi
759 932 863 1015 magis
887 953 984 1015 quam
1007 931 1187 997 dedocendi

122 1041 246 1091 tressa
271 1020 449 1084 videantur.
498 1017 620 1083 Invitat
647 1019 747 1104 igitur
773 1040 849 1084 vera
871 1019 953 1083 ratio
980 1019 1062 1082 bene
1086 1041 1186 1084 sanos

176 1108 217 1173 ad
241 1108 415 1190 iustitiam,
442 1107 651 1190 aequitatem,
679 1106 785 1172 fidem.
832 1105 945 1190 Neque
976 1105 1104 1171 homini
1136 1109 1186 1171 irr-

174 1195 260 1259 fanti
287 1198 343 1258 aut
369 1194 540 1277 impotenti
566 1194 686 1258 iniuste
714 1194 803 1258 faeta
825 1194 1019 1277 conducunt,
1045 1194 1101 1277 qui
1123 1216 1187 1261 neo

174 1282 270 1347 facile
297 1281 422 1346 efficere
449 1281 567 1364 possit,
595 1281 680 1364 quod
707 1285 855 1363 conetur,
881 1303 940 1346 nee
966 1282 1126 1364 obtinere,
1155 1282 1186 1347 si

176 1369 329 1455 effecerit,
356 1373 389 1434 et
416 1390 494 1451 opes
520 1370 573 1434 vel
594 1369 743 1433 fortunae
769 1368 820 1433 vel
842 1369 964 1452 ingenii
992 1369 1186 1434 liberalitati

176 1458 282 1543 magis
314 1458 521 1541 conveniunt,
552 1478 616 1540 qua
651 1458 707 1539 qui
739 1459 887 1540 utuntur,
923 1457 1185 1522 benevolentiam

177 1546 240 1610 sibi
263 1545 435 1609 ooneiliant
458 1548 503 1628 et,
530 1543 615 1628 quod
638 1544 843 1627 aptissimum
868 1544 982 1609 estad
1005 1544 1112 1628 quiete
1134 1546 1185 1609 ri-

176 1632 327 1716 vendum,
354 1632 536 1715 caritatem,
562 1632 754 1714 praesertim
776 1654 848 1697 oum
874 1632 1003 1696 omnino
1025 1632 1117 1696 nulla
1140 1633 1187 1698 sit

123 1739 158 1789 ts
178 1742 274 1784 eausa
297 1720 459 1803 peccandi.
505 1719 594 1795 Quae
618 1720 703 1784 enim
725 1720 916 1802 cupiditates
936 1723 1088 1784 enatura
1108 1741 1186 1803 pro·

176 1808 375 1891 ficiscuntur,
406 1807 500 1870 facile
533 1807 701 1890 explentur
733 1808 802 1871 sine
833 1807 902 1871 ulla
931 1807 1064 1890 iniuria,
1100 1829 1186 1891 quae

176 1898 284 1959 autem
306 1895 419 1959 inanes
442 1898 531 1977 sunt,
553 1894 593 1958 iis
616 1895 791 1978 parendum
808 1897 950 1959 nonest
986 1894 1078 1959 Nihil
1097 1896 1186 1960 enim

176 1982 385 2046 desiderabile
408 1981 655 2063 concupiscunt,
679 1983 816 2065 plusque
838 1983 872 2046 in
894 1982 968 2065 ipsa
989 1983 1108 2047 iniuria
1131 1983 1184 2047 de-

176 2070 320 2133 trimenti
342 2072 392 2133 est
410 2089 506 2151 quam
523 2069 558 2130 in
580 2069 620 2132 iis
638 2069 734 2132 rebus
754 2069 976 2153 emolumenti,
999 2091 1080 2153 quae
1098 2071 1186 2153 pari·

177 2160 276 2219 untur
298 2155 424 2219 iniuria.
468 2154 582 2239 Itaque
603 2176 644 2219 ne
668 2156 827 2220 iustitiam
850 2157 979 2241 quidem
1003 2161 1088 2222 reete
1111 2159 1185 2241 quis

177 2242 294 2306 dixerit
315 2263 373 2324 per
396 2263 430 2306 se
453 2243 559 2324 ipsam
581 2244 771 2328 optabilem,
798 2245 855 2308 sed
877 2246 953 2327 quia
974 2245 1185 2310 iucunditatis

176 2330 229 2396 vel
258 2329 432 2413 plurimum
464 2330 585 2395 afferat.
652 2332 738 2397 Nam
775 2331 868 2416 diligi
900 2336 933 2396 et
968 2354 1077 2398 aarum
1113 2354 1186 2398 esse

177 2417 351 2482 iucundum
368 2421 418 2481 est
436 2422 615 2502 propterea,
634 2419 709 2502 quia
725 2419 879 2484 tutiorem
897 2421 999 2484 vitam
1018 2423 1050 2484 et
1069 2420 1185 2504 volup·

176 2509 282 2571 tatum
318 2504 497 2588 pleniorem
533 2505 640 2569 efficit.
697 2504 811 2590 Itaque
842 2528 907 2570 non
939 2508 981 2571 ob
1010 2529 1048 2572 ea
1077 2508 1185 2573 solum

177 2592 394 2676 incommoda,
422 2613 503 2675 quae
531 2593 683 2657 eveniunt
709 2594 880 2677 improbis,
911 2594 1096 2679 fugiendam
1122 2596 1186 2659 im-

176 2681 374 2763 probitatem
400 2683 566 2763 putamus,
594 2680 650 2744 sed
675 2682 779 2745 multo
808 2682 907 2745 etiam
938 2683 1056 2767 magis,
1088 2684 1185 2767 quod,

178 2768 266 2832 ouius
284 2774 319 2831 in
338 2768 446 2831 animo
466 2771 619 2846 versatur,
638 2789 815 2852 numquam
831 2769 911 2833 sinit
925 2792 998 2834 eum
1015 2770 1186 2853 respirare,

125 2873 160 2923 54
177 2877 353 2939 numquam
385 2854 592 2937 acquiescere.
647 2855 769 2956 Quodsi
805 2878 847 2921 ne
878 2858 1022 2940 ipsarum
1055 2858 1187 2942 quidem

176 2943 334 3007 virtutum
355 2942 473 3026 laus,
463 2964 498 3006 m
519 2964 584 3025 qua
605 2943 743 3007 maxime
767 2947 946 3009 ceterorum
973 2945 1186 3047 philosopho·

176 3052 250 3093 rum
273 3030 414 3094 exsultat
432 3029 549 3108 oratio,
572 3030 711 3113 reperire
732 3030 853 3094 exitum
876 3036 998 3117 potest,
1019 3033 1084 3098 nisi
1105 3033 1189 3098 deri·

178 3120 274 3199 gutur
302 3116 343 3179 ad
369 3117 585 3200 voluptatem,
612 3118 760 3200 voluptas
789 3123 897 3183 autem
919 3123 969 3184 est
991 3121 1075 3204 sola,
1102 3142 1187 3204 quae

177 3224 236 3267 nos
261 3207 354 3268 vocet
340 3203 418 3267 tad
440 3227 474 3269 se
498 3208 531 3269 et
554 3167 676 3269 alliciat
661 3208 811 3288 tsuapte
834 3209 964 3291 natura,
985 3229 1051 3272 non
1076 3210 1187 3291 potest

178 3312 247 3355 esse
275 3289 421 3374 dubium,
450 3292 527 3375 quin
558 3293 593 3357 id
619 3294 664 3358 sit
695 3315 856 3357 summum
884 3297 980 3378 atque
1007 3298 1187 3360 extremum

177 3378 336 3445 bonorum
359 3379 516 3480 omnium,
538 3379 695 3466 beateque
717 3381 823 3445 vivere
845 3381 929 3445 nihil
952 3382 1103 3447 aliudt
1059 3386 1103 3447 srt
1120 3383 1189 3448 nisi

92 3430 250 3616 'um
270 3465 437 3548 voluptate
458 3467 575 3530 vivere.
