<?xml version="1.0" encoding="UTF-8"?>
<!DOCTYPE html PUBLIC "-//W3C//DTD XHTML 1.0 Transitional//EN"
    "http://www.w3.org/TR/xhtml1/DTD/xhtml1-transitional.dtd">
<html xmlns="http://www.w3.org/1999/xhtml" xml:lang="en" lang="en">
 <head>
  <title>
</title>
<meta http-equiv="Content-Type" content="text/html;charset=utf-8" />
  <meta name='ocr-system' content='tesseract 3.04.00' />
  <meta name='ocr-capabilities' content='ocr_page ocr_carea ocr_par ocr_line ocrx_word'/>
</head>
<body>
  <div class='ocr_page' id='page_1' title='image "./cicerosphilosop01cicegoog_0277.png"; bbox 0 0 2476 3848; ppageno 0'>
   <div class='ocr_carea' id='block_1_1' title="bbox 538 187 779 252">
    <p class='ocr_par' dir='ltr' id='par_1_1' title="bbox 538 187 779 252">
     <span class='ocr_line' id='line_1_1' title="bbox 538 187 779 252; baseline 0.004 -1"><span class='ocrx_word' id='word_1_1' title='bbox 538 187 779 252; x_wconf 77' lang='lat'><strong>-260—</strong></span> 
     </span>
    </p>
   </div>
   <div class='ocr_carea' id='block_1_2' title="bbox 30 344 1196 3422">
    <p class='ocr_par' dir='ltr' id='par_1_2' title="bbox 102 344 1164 960">
     <span class='ocr_line' id='line_1_2' title="bbox 155 344 1164 431; baseline 0.002 -19"><span class='ocrx_word' id='word_1_2' title='bbox 155 346 282 412; x_wconf 83' lang='lat' dir='ltr'>videtur</span> <span class='ocrx_word' id='word_1_3' title='bbox 304 345 490 431; x_wconf 87' lang='lat' dir='ltr'>honestum,</span> <span class='ocrx_word' id='word_1_4' title='bbox 513 345 723 411; x_wconf 83' lang='lat' dir='ltr'>conservandi</span> <span class='ocrx_word' id='word_1_5' title='bbox 745 344 825 410; x_wconf 87' lang='lat' dir='ltr'>iuris</span> <span class='ocrx_word' id='word_1_6' title='bbox 848 345 977 411; x_wconf 85' lang='lat' dir='ltr'>iurandi</span> <span class='ocrx_word' id='word_1_7' title='bbox 999 367 1098 413; x_wconf 83' lang='lat' dir='ltr'>eausa</span> <span class='ocrx_word' id='word_1_8' title='bbox 1121 348 1164 414; x_wconf 85' lang='lat' dir='ltr'>ad</span> 
     </span>
     <span class='ocr_line' id='line_1_3' title="bbox 155 432 1163 519; baseline 0.001 -19"><span class='ocrx_word' id='word_1_9' title='bbox 155 435 332 500; x_wconf 81' lang='lat' dir='ltr'>cruciatum</span> <span class='ocrx_word' id='word_1_10' title='bbox 351 434 539 517; x_wconf 82' lang='lat' dir='ltr'>revertisse3</span> <span class='ocrx_word' id='word_1_11' title='bbox 562 433 618 498; x_wconf 88' lang='lat' dir='ltr'>sed</span> <span class='ocrx_word' id='word_1_12' title='bbox 635 433 674 496; x_wconf 88' lang='lat' dir='ltr'>fit</span> <span class='ocrx_word' id='word_1_13' title='bbox 691 454 758 498; x_wconf 86' lang='lat' dir='ltr'>non</span> <span class='ocrx_word' id='word_1_14' title='bbox 774 432 958 518; x_wconf 77' lang='lat' dir='ltr'>honestum,</span> <span class='ocrx_word' id='word_1_15' title='bbox 976 435 1062 518; x_wconf 84' lang='lat' dir='ltr'>quie,</span> <span class='ocrx_word' id='word_1_16' title='bbox 1076 437 1163 519; x_wconf 90' lang='lat' dir='ltr'>quod</span> 
     </span>
     <span class='ocr_line' id='line_1_4' title="bbox 155 521 1162 608; baseline 0.002 -21"><span class='ocrx_word' id='word_1_17' title='bbox 155 523 298 608; x_wconf 85' lang='lat' dir='ltr'>pervim</span> <span class='ocrx_word' id='word_1_18' title='bbox 316 521 461 587; x_wconf 89' lang='lat' dir='ltr'>hostium</span> <span class='ocrx_word' id='word_1_19' title='bbox 479 525 565 586; x_wconf 90' lang='lat' dir='ltr'>esset</span> <span class='ocrx_word' id='word_1_20' title='bbox 588 525 706 605; x_wconf 84' lang='lat' dir='ltr'>aetum,</span> <span class='ocrx_word' id='word_1_21' title='bbox 728 524 836 585; x_wconf 83' lang='lat' dir='ltr'>retum</span> <span class='ocrx_word' id='word_1_22' title='bbox 855 543 926 586; x_wconf 88' lang='lat' dir='ltr'>esse</span> <span class='ocrx_word' id='word_1_23' title='bbox 943 543 1010 587; x_wconf 88' lang='lat' dir='ltr'>non</span> <span class='ocrx_word' id='word_1_24' title='bbox 1029 522 1162 589; x_wconf 91' lang='lat' dir='ltr'>debuit&#39;.</span> 
     </span>
     <span class='ocr_line' id='line_1_5' title="bbox 153 609 1163 695; baseline 0.004 -21"><span class='ocrx_word' id='word_1_25' title='bbox 153 610 287 675; x_wconf 89' lang='lat' dir='ltr'>Addunt</span> <span class='ocrx_word' id='word_1_26' title='bbox 311 610 418 694; x_wconf 85' lang='lat' dir='ltr'>etiam,</span> <span class='ocrx_word' id='word_1_27' title='bbox 441 609 593 695; x_wconf 88' lang='lat' dir='ltr'>quioquid</span> <span class='ocrx_word' id='word_1_28' title='bbox 614 610 708 674; x_wconf 81' lang='lat' dir='ltr'>valde</span> <span class='ocrx_word' id='word_1_29' title='bbox 730 609 811 674; x_wconf 90' lang='lat' dir='ltr'>utile</span> <span class='ocrx_word' id='word_1_30' title='bbox 834 610 892 693; x_wconf 86' lang='lat' dir='ltr'>sit,</span> <span class='ocrx_word' id='word_1_31' title='bbox 915 609 950 674; x_wconf 93' lang='lat' dir='ltr'>id</span> <span class='ocrx_word' id='word_1_32' title='bbox 971 610 1043 675; x_wconf 86' lang='lat' dir='ltr'>fieri</span> <span class='ocrx_word' id='word_1_33' title='bbox 1064 610 1163 678; x_wconf 87' lang='lat' dir='ltr'>hone-</span> 
     </span>
     <span class='ocr_line' id='line_1_6' title="bbox 155 696 1162 781; baseline 0.004 -19"><span class='ocrx_word' id='word_1_34' title='bbox 155 703 251 781; x_wconf 85' lang='lat' dir='ltr'>stum,</span> <span class='ocrx_word' id='word_1_35' title='bbox 275 699 403 763; x_wconf 86' lang='lat' dir='ltr'>etiamsi</span> <span class='ocrx_word' id='word_1_36' title='bbox 426 702 522 762; x_wconf 79' lang='lat' dir='ltr'>antee</span> <span class='ocrx_word' id='word_1_37' title='bbox 543 719 609 763; x_wconf 91' lang='lat' dir='ltr'>non</span> <span class='ocrx_word' id='word_1_38' title='bbox 631 697 801 762; x_wconf 84' lang='lat' dir='ltr'>videretur.</span> <span class='ocrx_word' id='word_1_39' title='bbox 846 697 936 763; x_wconf 81' lang='lat' dir='ltr'>Haeo</span> <span class='ocrx_word' id='word_1_40' title='bbox 953 696 1021 763; x_wconf 86' lang='lat' dir='ltr'>fere</span> <span class='ocrx_word' id='word_1_41' title='bbox 1046 704 1162 766; x_wconf 84' lang='lat' dir='ltr'>eontra</span> 
     </span>
     <span class='ocr_line' id='line_1_7' title="bbox 102 783 1161 960; baseline 0.002 -21"><span class='ocrx_word' id='word_1_42' title='bbox 102 847 145 911; x_wconf 64' lang='lat'>29</span> <span class='ocrx_word' id='word_1_43' title='bbox 154 783 562 958; x_wconf 30' lang='lat' dir='ltr'>Regzrfflpkuipeldlpprirtrpp</span> <span class='ocrx_word' id='word_1_44' title='bbox 571 786 760 938; x_wconf 60' lang='lat' dir='ltr'>rdhhdhhndhss</span> <span class='ocrx_word' id='word_1_45' title='bbox 773 895 814 937; x_wconf 90' lang='lat' dir='ltr'>ne</span> <span class='ocrx_word' id='word_1_46' title='bbox 828 873 932 939; x_wconf 83' lang='lat' dir='ltr'>iratus</span> <span class='ocrx_word' id='word_1_47' title='bbox 945 880 1086 960; x_wconf 82' lang='lat' dir='ltr'>noceret,</span> <span class='ocrx_word' id='word_1_48' title='bbox 1105 877 1161 960; x_wconf 90' lang='lat' dir='ltr'>qui</span> 
     </span>
    </p>

    <p class='ocr_par' dir='ltr' id='par_1_3' title="bbox 103 937 1161 1046">
     <span class='ocr_line' id='line_1_8' title="bbox 103 937 1161 1046; baseline 0.001 -19"><span class='ocrx_word' id='word_1_49' title='bbox 103 937 257 1046; x_wconf 70' lang='lat' dir='ltr'>1⁰⁴&#39;neque</span> <span class='ocrx_word' id='word_1_50' title='bbox 275 963 371 1027; x_wconf 82' lang='lat' dir='ltr'><strong>irasci</strong></span> <span class='ocrx_word' id='word_1_51' title='bbox 387 963 470 1026; x_wconf 89' lang='lat' dir='ltr'>solet</span> <span class='ocrx_word' id='word_1_52' title='bbox 487 983 546 1028; x_wconf 88' lang='lat' dir='ltr'>neo</span> <span class='ocrx_word' id='word_1_53' title='bbox 563 960 699 1027; x_wconf 69' lang='lat' dir='ltr'>nocere?</span> <span class='ocrx_word' id='word_1_54' title='bbox 736 960 825 1026; x_wconf 79' lang='lat' dir='ltr'>Haeo</span> <span class='ocrx_word' id='word_1_55' title='bbox 844 962 972 1046; x_wconf 91' lang='lat' dir='ltr'>quidem</span> <span class='ocrx_word' id='word_1_56' title='bbox 991 963 1075 1029; x_wconf 85' lang='lat' dir='ltr'>ratio</span> <span class='ocrx_word' id='word_1_57' title='bbox 1094 985 1161 1029; x_wconf 89' lang='lat' dir='ltr'>non</span> 
     </span>
    </p>

    <p class='ocr_par' dir='ltr' id='par_1_4' title="bbox 154 1049 1160 1135">
     <span class='ocr_line' id='line_1_9' title="bbox 154 1049 1160 1135; baseline 0.002 -20"><span class='ocrx_word' id='word_1_58' title='bbox 154 1052 260 1135; x_wconf 82' lang='lat' dir='ltr'>magis</span> <span class='ocrx_word' id='word_1_59' title='bbox 284 1053 398 1115; x_wconf 86' lang='lat' dir='ltr'>eontra</span> <span class='ocrx_word' id='word_1_60' title='bbox 420 1049 539 1135; x_wconf 82' lang='lat' dir='ltr'>Reguli</span> <span class='ocrx_word' id='word_1_61' title='bbox 558 1071 655 1133; x_wconf 86' lang='lat' dir='ltr'>quem</span> <span class='ocrx_word' id='word_1_62' title='bbox 674 1053 788 1115; x_wconf 83' lang='lat' dir='ltr'>eontra</span> <span class='ocrx_word' id='word_1_63' title='bbox 806 1071 901 1114; x_wconf 90' lang='lat' dir='ltr'>omne</span> <span class='ocrx_word' id='word_1_64' title='bbox 918 1051 969 1115; x_wconf 91' lang='lat' dir='ltr'>ius</span> <span class='ocrx_word' id='word_1_65' title='bbox 987 1051 1160 1117; x_wconf 78' lang='lat' dir='ltr'>iurandum</span> 
     </span>
    </p>

    <p class='ocr_par' dir='ltr' id='par_1_5' title="bbox 154 1137 1160 1224">
     <span class='ocr_line' id='line_1_10' title="bbox 154 1137 1160 1224; baseline 0.002 -21"><span class='ocrx_word' id='word_1_66' title='bbox 154 1139 251 1203; x_wconf 83' lang='lat' dir='ltr'>valet.</span> <span class='ocrx_word' id='word_1_67' title='bbox 297 1137 359 1202; x_wconf 81' lang='lat' dir='ltr'>Sed</span> <span class='ocrx_word' id='word_1_68' title='bbox 381 1138 415 1201; x_wconf 91' lang='lat' dir='ltr'>in</span> <span class='ocrx_word' id='word_1_69' title='bbox 437 1138 507 1202; x_wconf 93' lang='lat' dir='ltr'>iure</span> <span class='ocrx_word' id='word_1_70' title='bbox 529 1137 665 1202; x_wconf 79' lang='lat' dir='ltr'>iurando</span> <span class='ocrx_word' id='word_1_71' title='bbox 687 1159 754 1202; x_wconf 89' lang='lat' dir='ltr'>non</span> <span class='ocrx_word' id='word_1_72' title='bbox 777 1137 832 1222; x_wconf 93' lang='lat' dir='ltr'>qui</span> <span class='ocrx_word' id='word_1_73' title='bbox 855 1141 974 1222; x_wconf 87' lang='lat' dir='ltr'>metus,</span> <span class='ocrx_word' id='word_1_74' title='bbox 997 1139 1054 1204; x_wconf 86' lang='lat' dir='ltr'>sed</span> <span class='ocrx_word' id='word_1_75' title='bbox 1077 1161 1160 1224; x_wconf 80' lang='lat' dir='ltr'>quae</span> 
     </span>
    </p>

    <p class='ocr_par' dir='ltr' id='par_1_6' title="bbox 153 1225 1161 1311">
     <span class='ocr_line' id='line_1_11' title="bbox 153 1225 1161 1311; baseline 0 -20"><span class='ocrx_word' id='word_1_76' title='bbox 153 1226 204 1292; x_wconf 84' lang='lat' dir='ltr'>vis</span> <span class='ocrx_word' id='word_1_77' title='bbox 228 1227 280 1311; x_wconf 87' lang='lat' dir='ltr'>sit,</span> <span class='ocrx_word' id='word_1_78' title='bbox 303 1226 399 1290; x_wconf 90' lang='lat' dir='ltr'>debet</span> <span class='ocrx_word' id='word_1_79' title='bbox 420 1226 582 1310; x_wconf 81' lang='lat' dir='ltr'>intellegi3</span> <span class='ocrx_word' id='word_1_80' title='bbox 610 1229 659 1290; x_wconf 82' lang='lat' dir='ltr'>est</span> <span class='ocrx_word' id='word_1_81' title='bbox 687 1225 773 1290; x_wconf 87' lang='lat' dir='ltr'>enim</span> <span class='ocrx_word' id='word_1_82' title='bbox 798 1225 850 1289; x_wconf 88' lang='lat' dir='ltr'>ius</span> <span class='ocrx_word' id='word_1_83' title='bbox 872 1226 1044 1293; x_wconf 83' lang='lat' dir='ltr'>iurandum</span> <span class='ocrx_word' id='word_1_84' title='bbox 1067 1228 1161 1293; x_wconf 83' lang='lat' dir='ltr'>adfir-</span> 
     </span>
    </p>

    <p class='ocr_par' dir='ltr' id='par_1_7' title="bbox 154 1314 1160 1399">
     <span class='ocr_line' id='line_1_12' title="bbox 154 1314 1160 1399; baseline 0.002 -20"><span class='ocrx_word' id='word_1_85' title='bbox 154 1315 256 1380; x_wconf 79' lang='lat' dir='ltr'>matio</span> <span class='ocrx_word' id='word_1_86' title='bbox 271 1314 439 1399; x_wconf 82' lang='lat' dir='ltr'>religiose3</span> <span class='ocrx_word' id='word_1_87' title='bbox 463 1314 548 1397; x_wconf 92' lang='lat' dir='ltr'>quod</span> <span class='ocrx_word' id='word_1_88' title='bbox 567 1318 676 1379; x_wconf 85' lang='lat' dir='ltr'>eutem</span> <span class='ocrx_word' id='word_1_89' title='bbox 695 1314 865 1378; x_wconf 81' lang='lat' dir='ltr'>adfirmete</span> <span class='ocrx_word' id='word_1_90' title='bbox 884 1315 978 1399; x_wconf 87' lang='lat' dir='ltr'>quasi</span> <span class='ocrx_word' id='word_1_91' title='bbox 997 1315 1056 1382; x_wconf 92' lang='lat' dir='ltr'>deo</span> <span class='ocrx_word' id='word_1_92' title='bbox 1075 1319 1160 1381; x_wconf 90' lang='lat' dir='ltr'>teste</span> 
     </span>
    </p>

    <p class='ocr_par' dir='ltr' id='par_1_8' title="bbox 154 1400 1161 1487">
     <span class='ocr_line' id='line_1_13' title="bbox 154 1400 1161 1487; baseline 0.002 -21"><span class='ocrx_word' id='word_1_93' title='bbox 154 1402 351 1487; x_wconf 69' lang='lat' dir='ltr'>promiseris</span> <span class='ocrx_word' id='word_1_94' title='bbox 373 1402 407 1466; x_wconf 88' lang='lat' dir='ltr'>id</span> <span class='ocrx_word' id='word_1_95' title='bbox 429 1403 603 1466; x_wconf 89' lang='lat' dir='ltr'>tenendum</span> <span class='ocrx_word' id='word_1_96' title='bbox 626 1405 684 1466; x_wconf 91' lang='lat' dir='ltr'>est.</span> <span class='ocrx_word' id='word_1_97' title='bbox 728 1400 800 1466; x_wconf 81' lang='lat' dir='ltr'>Iam</span> <span class='ocrx_word' id='word_1_98' title='bbox 823 1401 908 1466; x_wconf 88' lang='lat' dir='ltr'>enim</span> <span class='ocrx_word' id='word_1_99' title='bbox 930 1424 997 1468; x_wconf 88' lang='lat' dir='ltr'>non</span> <span class='ocrx_word' id='word_1_100' title='bbox 1018 1404 1161 1468; x_wconf 78' lang='lat' dir='ltr'>adirem</span> 
     </span>
    </p>

    <p class='ocr_par' dir='ltr' id='par_1_9' title="bbox 154 1489 1160 1575">
     <span class='ocr_line' id='line_1_14' title="bbox 154 1489 1160 1575; baseline 0.002 -20"><span class='ocrx_word' id='word_1_101' title='bbox 154 1492 296 1575; x_wconf 87' lang='lat' dir='ltr'>deorum,</span> <span class='ocrx_word' id='word_1_102' title='bbox 318 1512 400 1574; x_wconf 84' lang='lat' dir='ltr'>quae</span> <span class='ocrx_word' id='word_1_103' title='bbox 422 1491 514 1554; x_wconf 85' lang='lat' dir='ltr'>nulla</span> <span class='ocrx_word' id='word_1_104' title='bbox 537 1493 596 1575; x_wconf 88' lang='lat' dir='ltr'>est,</span> <span class='ocrx_word' id='word_1_105' title='bbox 619 1489 676 1554; x_wconf 90' lang='lat' dir='ltr'>sed</span> <span class='ocrx_word' id='word_1_106' title='bbox 698 1490 738 1554; x_wconf 85' lang='lat' dir='ltr'>ed</span> <span class='ocrx_word' id='word_1_107' title='bbox 760 1489 920 1554; x_wconf 87' lang='lat' dir='ltr'>iustitiam</span> <span class='ocrx_word' id='word_1_108' title='bbox 944 1494 977 1555; x_wconf 91' lang='lat' dir='ltr'>et</span> <span class='ocrx_word' id='word_1_109' title='bbox 1000 1491 1040 1556; x_wconf 86' lang='lat' dir='ltr'>sd</span> <span class='ocrx_word' id='word_1_110' title='bbox 1062 1492 1160 1558; x_wconf 89' lang='lat' dir='ltr'>fidem</span> 
     </span>
    </p>

    <p class='ocr_par' dir='ltr' id='par_1_10' title="bbox 153 1578 1159 1820">
     <span class='ocr_line' id='line_1_15' title="bbox 153 1578 782 1665; baseline -0.003 -21"><span class='ocrx_word' id='word_1_111' title='bbox 153 1580 302 1665; x_wconf 77' lang='lat' dir='ltr'>pertinet.</span> <span class='ocrx_word' id='word_1_112' title='bbox 347 1578 434 1643; x_wconf 86' lang='lat' dir='ltr'>Nam</span> <span class='ocrx_word' id='word_1_113' title='bbox 456 1579 622 1663; x_wconf 79' lang='lat' dir='ltr'>praeclare</span> <span class='ocrx_word' id='word_1_114' title='bbox 644 1578 782 1643; x_wconf 82' lang='lat' dir='ltr'>Ennius:</span> 
     </span>
     <span class='ocr_line' id='line_1_16' title="bbox 198 1652 1159 1818; baseline -0.001 -85"><span class='ocrx_word' id='word_1_115' title='bbox 198 1652 225 1734; x_wconf 83' lang='grc'>0</span> <span class='ocrx_word' id='word_1_116' title='bbox 252 1667 369 1731; x_wconf 77' lang='lat' dir='ltr'>Fides</span> <span class='ocrx_word' id='word_1_117' title='bbox 402 1667 503 1731; x_wconf 81' lang='lat' dir='ltr'>elme</span> <span class='ocrx_word' id='word_1_118' title='bbox 532 1667 625 1752; x_wconf 67' lang='lat' dir='ltr'>epta</span> <span class='ocrx_word' id='word_1_119' title='bbox 651 1665 783 1750; x_wconf 87' lang='lat' dir='ltr'>pinnis</span> <span class='ocrx_word' id='word_1_120' title='bbox 812 1669 849 1731; x_wconf 80' lang='lat' dir='ltr'>et</span> <span class='ocrx_word' id='word_1_121' title='bbox 871 1666 930 1818; x_wconf 73' lang='lat' dir='ltr'>iuIs</span> <span class='ocrx_word' id='word_1_122' title='bbox 957 1667 1159 1802; x_wconf 40' lang='lat' dir='ltr'>inmundum</span> 
     </span>
     <span class='ocr_line' id='line_1_17' title="bbox 930 1776 1024 1820; baseline 0.011 -1"><span class='ocrx_word' id='word_1_123' title='bbox 930 1776 1024 1820; x_wconf 86' lang='lat' dir='ltr'>ovrs.</span> 
     </span>
    </p>

    <p class='ocr_par' dir='ltr' id='par_1_11' title="bbox 153 1841 1159 1928">
     <span class='ocr_line' id='line_1_18' title="bbox 153 1841 1159 1928; baseline 0.002 -20"><span class='ocrx_word' id='word_1_124' title='bbox 153 1843 216 1919; x_wconf 86' lang='lat' dir='ltr'>Qui</span> <span class='ocrx_word' id='word_1_125' title='bbox 233 1844 283 1907; x_wconf 91' lang='lat' dir='ltr'>ius</span> <span class='ocrx_word' id='word_1_126' title='bbox 302 1843 405 1927; x_wconf 85' lang='lat' dir='ltr'>igitur</span> <span class='ocrx_word' id='word_1_127' title='bbox 421 1841 593 1906; x_wconf 87' lang='lat' dir='ltr'>iurandum</span> <span class='ocrx_word' id='word_1_128' title='bbox 611 1842 727 1926; x_wconf 83' lang='lat' dir='ltr'>violat,</span> <span class='ocrx_word' id='word_1_129' title='bbox 745 1842 774 1906; x_wconf 93' lang='lat' dir='ltr'>is</span> <span class='ocrx_word' id='word_1_130' title='bbox 792 1841 902 1907; x_wconf 81' lang='lat' dir='ltr'>Fidem</span> <span class='ocrx_word' id='word_1_131' title='bbox 920 1843 1036 1928; x_wconf 83' lang='lat' dir='ltr'>violet,</span> <span class='ocrx_word' id='word_1_132' title='bbox 1061 1866 1159 1927; x_wconf 84' lang='lat' dir='ltr'>quam</span> 
     </span>
    </p>

    <p class='ocr_par' dir='ltr' id='par_1_12' title="bbox 152 1928 1160 2016">
     <span class='ocr_line' id='line_1_19' title="bbox 152 1928 1160 2016; baseline 0.002 -21"><span class='ocrx_word' id='word_1_133' title='bbox 152 1931 188 1995; x_wconf 90' lang='lat' dir='ltr'>in</span> <span class='ocrx_word' id='word_1_134' title='bbox 214 1929 378 2014; x_wconf 77' lang='lat' dir='ltr'>Capitolio</span> <span class='ocrx_word' id='word_1_135' title='bbox 413 1928 568 1995; x_wconf 81' lang='lat' dir='ltr'>‘vicinam</span> <span class='ocrx_word' id='word_1_136' title='bbox 598 1929 687 1995; x_wconf 85' lang='lat' dir='ltr'>Iovis</span> <span class='ocrx_word' id='word_1_137' title='bbox 721 1930 838 2016; x_wconf 85' lang='lat' dir='ltr'>optimi</span> <span class='ocrx_word' id='word_1_138' title='bbox 864 1930 1022 2015; x_wconf 83' lang='lat' dir='ltr'>maximi&#39;,</span> <span class='ocrx_word' id='word_1_139' title='bbox 1053 1936 1092 1996; x_wconf 82' lang='lat' dir='ltr'>ut</span> <span class='ocrx_word' id='word_1_140' title='bbox 1125 1933 1160 1997; x_wconf 92' lang='lat' dir='ltr'>in</span> 
     </span>
    </p>

    <p class='ocr_par' dir='ltr' id='par_1_13' title="bbox 154 2017 1158 2101">
     <span class='ocr_line' id='line_1_20' title="bbox 154 2017 1158 2101; baseline 0 -17"><span class='ocrx_word' id='word_1_141' title='bbox 154 2017 288 2084; x_wconf 81' lang='lat' dir='ltr'>Catonis</span> <span class='ocrx_word' id='word_1_142' title='bbox 318 2017 464 2082; x_wconf 87' lang='lat' dir='ltr'>oratione</span> <span class='ocrx_word' id='word_1_143' title='bbox 491 2021 554 2101; x_wconf 86' lang='lat' dir='ltr'>est,</span> <span class='ocrx_word' id='word_1_144' title='bbox 585 2017 724 2083; x_wconf 81' lang='lat' dir='ltr'>maiores</span> <span class='ocrx_word' id='word_1_145' title='bbox 751 2017 857 2082; x_wconf 73' lang='lat' dir='ltr'>nostri</span> <span class='ocrx_word' id='word_1_146' title='bbox 883 2039 953 2083; x_wconf 91' lang='lat' dir='ltr'>esse</span> <span class='ocrx_word' id='word_1_147' title='bbox 976 2020 1158 2085; x_wconf 84' lang='lat' dir='ltr'>voluerunt.</span> 
     </span>
    </p>

    <p class='ocr_par' dir='ltr' id='par_1_14' title="bbox 102 2104 1196 2279">
     <span class='ocr_line' id='line_1_21' title="bbox 102 2104 1159 2192; baseline 0.005 -22"><span class='ocrx_word' id='word_1_148' title='bbox 102 2121 152 2172; x_wconf 85' lang='lat'>105</span> <span class='ocrx_word' id='word_1_149' title='bbox 167 2105 213 2168; x_wconf 87' lang='lat' dir='ltr'>At</span> <span class='ocrx_word' id='word_1_150' title='bbox 236 2105 322 2169; x_wconf 88' lang='lat' dir='ltr'>enim</span> <span class='ocrx_word' id='word_1_151' title='bbox 343 2127 384 2169; x_wconf 92' lang='lat' dir='ltr'>ne</span> <span class='ocrx_word' id='word_1_152' title='bbox 406 2105 509 2170; x_wconf 85' lang='lat' dir='ltr'>iratus</span> <span class='ocrx_word' id='word_1_153' title='bbox 531 2104 660 2189; x_wconf 90' lang='lat' dir='ltr'>quidem</span> <span class='ocrx_word' id='word_1_154' title='bbox 681 2104 829 2190; x_wconf 89' lang='lat' dir='ltr'>Iuppiter</span> <span class='ocrx_word' id='word_1_155' title='bbox 854 2107 929 2190; x_wconf 90' lang='lat' dir='ltr'>plus</span> <span class='ocrx_word' id='word_1_156' title='bbox 952 2105 1080 2192; x_wconf 83' lang='lat' dir='ltr'>Regulo</span> <span class='ocrx_word' id='word_1_157' title='bbox 1102 2130 1159 2175; x_wconf 90' lang='lat' dir='ltr'>no-</span> 
     </span>
     <span class='ocr_line' id='line_1_22' title="bbox 154 2192 1196 2279; baseline 0.003 -21"><span class='ocrx_word' id='word_1_158' title='bbox 154 2193 281 2278; x_wconf 82' lang='lat' dir='ltr'>cuisset,</span> <span class='ocrx_word' id='word_1_159' title='bbox 300 2215 398 2276; x_wconf 89' lang='lat' dir='ltr'>quem</span> <span class='ocrx_word' id='word_1_160' title='bbox 416 2192 480 2258; x_wconf 86' lang='lat' dir='ltr'>sibi</span> <span class='ocrx_word' id='word_1_161' title='bbox 499 2193 610 2258; x_wconf 83' lang='lat' dir='ltr'>nocuit</span> <span class='ocrx_word' id='word_1_162' title='bbox 626 2194 697 2278; x_wconf 90' lang='lat' dir='ltr'>ipse</span> <span class='ocrx_word' id='word_1_163' title='bbox 714 2194 868 2279; x_wconf 82' lang='lat' dir='ltr'>Regulus.</span> <span class='ocrx_word' id='word_1_164' title='bbox 900 2192 1005 2278; x_wconf 77' lang='lat' dir='ltr'>Certe,</span> <span class='ocrx_word' id='word_1_165' title='bbox 1029 2195 1058 2260; x_wconf 91' lang='lat' dir='ltr'>si</span> <span class='ocrx_word' id='word_1_166' title='bbox 1075 2195 1158 2261; x_wconf 88' lang='lat' dir='ltr'>nihil</span> <span class='ocrx_word' id='word_1_167' title='bbox 1191 2269 1196 2277; x_wconf 32' lang='lat'>¹</span> 
     </span>
    </p>

    <p class='ocr_par' dir='ltr' id='par_1_15' title="bbox 154 2281 1157 2366">
     <span class='ocr_line' id='line_1_23' title="bbox 154 2281 1157 2366; baseline 0.004 -22"><span class='ocrx_word' id='word_1_168' title='bbox 154 2281 276 2345; x_wconf 89' lang='lat' dir='ltr'>malum</span> <span class='ocrx_word' id='word_1_169' title='bbox 299 2284 385 2345; x_wconf 90' lang='lat' dir='ltr'>esset</span> <span class='ocrx_word' id='word_1_170' title='bbox 406 2281 470 2345; x_wconf 90' lang='lat' dir='ltr'>nisi</span> <span class='ocrx_word' id='word_1_171' title='bbox 493 2281 609 2347; x_wconf 91' lang='lat' dir='ltr'>dolere.</span> <span class='ocrx_word' id='word_1_172' title='bbox 654 2281 693 2346; x_wconf 91' lang='lat' dir='ltr'>Id</span> <span class='ocrx_word' id='word_1_173' title='bbox 716 2285 824 2347; x_wconf 86' lang='lat' dir='ltr'>eutem</span> <span class='ocrx_word' id='word_1_174' title='bbox 849 2302 917 2347; x_wconf 87' lang='lat' dir='ltr'>non</span> <span class='ocrx_word' id='word_1_175' title='bbox 939 2282 1036 2347; x_wconf 92' lang='lat' dir='ltr'>modo</span> <span class='ocrx_word' id='word_1_176' title='bbox 1065 2285 1157 2366; x_wconf 90' lang='lat' dir='ltr'>[non]</span> 
     </span>
    </p>

    <p class='ocr_par' dir='ltr' id='par_1_16' title="bbox 154 2368 1158 2454">
     <span class='ocr_line' id='line_1_24' title="bbox 154 2368 1158 2454; baseline 0.005 -22"><span class='ocrx_word' id='word_1_177' title='bbox 154 2390 314 2433; x_wconf 91' lang='lat' dir='ltr'>summum</span> <span class='ocrx_word' id='word_1_178' title='bbox 338 2370 469 2454; x_wconf 82' lang='lat' dir='ltr'>melum,</span> <span class='ocrx_word' id='word_1_179' title='bbox 492 2370 548 2435; x_wconf 90' lang='lat' dir='ltr'>sed</span> <span class='ocrx_word' id='word_1_180' title='bbox 569 2392 611 2435; x_wconf 90' lang='lat' dir='ltr'>ne</span> <span class='ocrx_word' id='word_1_181' title='bbox 634 2371 757 2434; x_wconf 84' lang='lat' dir='ltr'>melum</span> <span class='ocrx_word' id='word_1_182' title='bbox 778 2368 907 2452; x_wconf 90' lang='lat' dir='ltr'>quidem</span> <span class='ocrx_word' id='word_1_183' title='bbox 925 2391 996 2436; x_wconf 89' lang='lat' dir='ltr'>esse</span> <span class='ocrx_word' id='word_1_184' title='bbox 1015 2372 1158 2437; x_wconf 76' lang='lat' dir='ltr'>maxime</span> 
     </span>
    </p>

    <p class='ocr_par' dir='ltr' id='par_1_17' title="bbox 153 2456 1158 2543">
     <span class='ocr_line' id='line_1_25' title="bbox 153 2456 1158 2543; baseline 0.004 -21"><span class='ocrx_word' id='word_1_185' title='bbox 153 2458 346 2523; x_wconf 83' lang='lat' dir='ltr'>auctoritate</span> <span class='ocrx_word' id='word_1_186' title='bbox 369 2458 556 2543; x_wconf 88' lang='lat' dir='ltr'>philosophi</span> <span class='ocrx_word' id='word_1_187' title='bbox 579 2458 760 2523; x_wconf 85' lang='lat' dir='ltr'>adfirmant.</span> <span class='ocrx_word' id='word_1_188' title='bbox 797 2456 941 2533; x_wconf 80' lang='lat' dir='ltr'>Quorum</span> <span class='ocrx_word' id='word_1_189' title='bbox 963 2459 1094 2543; x_wconf 89' lang='lat' dir='ltr'>quidem</span> <span class='ocrx_word' id='word_1_190' title='bbox 1112 2464 1158 2526; x_wconf 90' lang='lat' dir='ltr'>te·</span> 
     </span>
    </p>

    <p class='ocr_par' dir='ltr' id='par_1_18' title="bbox 153 2545 1157 2632">
     <span class='ocr_line' id='line_1_26' title="bbox 153 2545 1157 2632; baseline 0.004 -23"><span class='ocrx_word' id='word_1_191' title='bbox 153 2548 237 2609; x_wconf 89' lang='lat' dir='ltr'>stem</span> <span class='ocrx_word' id='word_1_192' title='bbox 258 2567 324 2610; x_wconf 90' lang='lat' dir='ltr'>non</span> <span class='ocrx_word' id='word_1_193' title='bbox 347 2546 554 2631; x_wconf 83' lang='lat' dir='ltr'>mediocrem,</span> <span class='ocrx_word' id='word_1_194' title='bbox 581 2547 637 2611; x_wconf 91' lang='lat' dir='ltr'>sed</span> <span class='ocrx_word' id='word_1_195' title='bbox 658 2547 745 2610; x_wconf 86' lang='lat' dir='ltr'>haud</span> <span class='ocrx_word' id='word_1_196' title='bbox 772 2545 839 2612; x_wconf 86' lang='lat' dir='ltr'>seio</span> <span class='ocrx_word' id='word_1_197' title='bbox 863 2568 906 2611; x_wconf 84' lang='lat' dir='ltr'>en</span> <span class='ocrx_word' id='word_1_198' title='bbox 928 2546 1157 2632; x_wconf 79' lang='lat' dir='ltr'>grauissimum</span> 
     </span>
    </p>

    <p class='ocr_par' dir='ltr' id='par_1_19' title="bbox 152 2633 1157 2719">
     <span class='ocr_line' id='line_1_27' title="bbox 152 2633 1157 2719; baseline 0.005 -22"><span class='ocrx_word' id='word_1_199' title='bbox 152 2633 315 2719; x_wconf 85' lang='lat' dir='ltr'>Regulum</span> <span class='ocrx_word' id='word_1_200' title='bbox 336 2635 448 2719; x_wconf 81' lang='lat' dir='ltr'>nolite,</span> <span class='ocrx_word' id='word_1_201' title='bbox 471 2656 601 2719; x_wconf 83' lang='lat' dir='ltr'>quaeso,</span> <span class='ocrx_word' id='word_1_202' title='bbox 623 2634 816 2718; x_wconf 83' lang='lat' dir='ltr'>vituperare.</span> <span class='ocrx_word' id='word_1_203' title='bbox 853 2634 954 2709; x_wconf 86' lang='lat' dir='ltr'>Quem</span> <span class='ocrx_word' id='word_1_204' title='bbox 969 2635 1055 2700; x_wconf 88' lang='lat' dir='ltr'>enim</span> <span class='ocrx_word' id='word_1_205' title='bbox 1072 2637 1157 2703; x_wconf 89' lang='lat' dir='ltr'>loeu-</span> 
     </span>
    </p>

    <p class='ocr_par' dir='ltr' id='par_1_20' title="bbox 152 2722 1158 2808">
     <span class='ocr_line' id='line_1_28' title="bbox 152 2722 1158 2808; baseline 0.002 -22"><span class='ocrx_word' id='word_1_206' title='bbox 152 2722 324 2806; x_wconf 86' lang='lat' dir='ltr'>pletiorem</span> <span class='ocrx_word' id='word_1_207' title='bbox 346 2723 529 2806; x_wconf 79' lang='lat' dir='ltr'>quaerimus</span> <span class='ocrx_word' id='word_1_208' title='bbox 553 2743 651 2806; x_wconf 88' lang='lat' dir='ltr'>quem</span> <span class='ocrx_word' id='word_1_209' title='bbox 672 2722 851 2806; x_wconf 85' lang='lat' dir='ltr'>prinoipem</span> <span class='ocrx_word' id='word_1_210' title='bbox 872 2723 987 2807; x_wconf 91' lang='lat' dir='ltr'>populi</span> <span class='ocrx_word' id='word_1_211' title='bbox 1008 2723 1158 2808; x_wconf 85' lang='lat' dir='ltr'>Romani,</span> 
     </span>
    </p>

    <p class='ocr_par' dir='ltr' id='par_1_21' title="bbox 153 2809 1157 2892">
     <span class='ocr_line' id='line_1_29' title="bbox 153 2809 1157 2892; baseline 0.003 -19"><span class='ocrx_word' id='word_1_212' title='bbox 153 2810 209 2892; x_wconf 92' lang='lat' dir='ltr'>qui</span> <span class='ocrx_word' id='word_1_213' title='bbox 231 2811 391 2875; x_wconf 87' lang='lat' dir='ltr'>retinendi</span> <span class='ocrx_word' id='word_1_214' title='bbox 415 2811 512 2876; x_wconf 80' lang='lat' dir='ltr'>officii</span> <span class='ocrx_word' id='word_1_215' title='bbox 535 2831 632 2876; x_wconf 84' lang='lat' dir='ltr'>eausa</span> <span class='ocrx_word' id='word_1_216' title='bbox 655 2809 832 2875; x_wconf 85' lang='lat' dir='ltr'>oruoietum</span> <span class='ocrx_word' id='word_1_217' title='bbox 857 2811 992 2875; x_wconf 89' lang='lat' dir='ltr'>subierit</span> <span class='ocrx_word' id='word_1_218' title='bbox 1010 2812 1157 2877; x_wconf 86' lang='lat' dir='ltr'>volunta-</span> 
     </span>
    </p>

    <p class='ocr_par' dir='ltr' id='par_1_22' title="bbox 152 2897 1157 2982">
     <span class='ocr_line' id='line_1_30' title="bbox 152 2897 1157 2982; baseline 0.002 -21"><span class='ocrx_word' id='word_1_219' title='bbox 152 2898 258 2962; x_wconf 76' lang='lat' dir='ltr'>rium?</span> <span class='ocrx_word' id='word_1_220' title='bbox 281 2897 368 2962; x_wconf 88' lang='lat' dir='ltr'>Nam</span> <span class='ocrx_word' id='word_1_221' title='bbox 392 2899 477 2982; x_wconf 89' lang='lat' dir='ltr'>quod</span> <span class='ocrx_word' id='word_1_222' title='bbox 500 2899 605 2964; x_wconf 85' lang='lat' dir='ltr'>aiunt:</span> <span class='ocrx_word' id='word_1_223' title='bbox 628 2897 775 2962; x_wconf 79' lang='lat' dir='ltr'>‘minime</span> <span class='ocrx_word' id='word_1_224' title='bbox 798 2898 837 2963; x_wconf 90' lang='lat' dir='ltr'>de</span> <span class='ocrx_word' id='word_1_225' title='bbox 860 2897 977 2981; x_wconf 84' lang='lat' dir='ltr'>malis&#39;,</span> <span class='ocrx_word' id='word_1_226' title='bbox 999 2900 1033 2963; x_wconf 93' lang='lat' dir='ltr'>id</span> <span class='ocrx_word' id='word_1_227' title='bbox 1051 2902 1157 2965; x_wconf 84' lang='lat' dir='ltr'>estut</span> 
     </span>
    </p>

    <p class='ocr_par' dir='ltr' id='par_1_23' title="bbox 30 2986 1156 3070">
     <span class='ocr_line' id='line_1_31' title="bbox 30 2986 1156 3070; baseline 0.004 -23"><span class='ocrx_word' id='word_1_228' title='bbox 30 3009 32 3012; x_wconf 93' lang='lat'>·</span> <span class='ocrx_word' id='word_1_229' title='bbox 152 2986 293 3068; x_wconf 77' lang='lat' dir='ltr'>turpiter</span> <span class='ocrx_word' id='word_1_230' title='bbox 315 2987 423 3068; x_wconf 87' lang='lat' dir='ltr'>potius</span> <span class='ocrx_word' id='word_1_231' title='bbox 447 3009 544 3070; x_wconf 87' lang='lat' dir='ltr'>quam</span> <span class='ocrx_word' id='word_1_232' title='bbox 567 2987 765 3070; x_wconf 82' lang='lat' dir='ltr'>calamitose,</span> <span class='ocrx_word' id='word_1_233' title='bbox 789 3008 832 3051; x_wconf 86' lang='lat' dir='ltr'>en</span> <span class='ocrx_word' id='word_1_234' title='bbox 854 2990 903 3050; x_wconf 91' lang='lat' dir='ltr'>est</span> <span class='ocrx_word' id='word_1_235' title='bbox 925 2987 1030 3051; x_wconf 89' lang='lat' dir='ltr'>ullum</span> <span class='ocrx_word' id='word_1_236' title='bbox 1051 2986 1156 3052; x_wconf 85' lang='lat' dir='ltr'>meius</span> 
     </span>
    </p>

    <p class='ocr_par' dir='ltr' id='par_1_24' title="bbox 152 3072 1157 3160">
     <span class='ocr_line' id='line_1_32' title="bbox 152 3072 1157 3160; baseline 0.006 -25"><span class='ocrx_word' id='word_1_237' title='bbox 152 3073 276 3135; x_wconf 86' lang='lat' dir='ltr'>melum</span> <span class='ocrx_word' id='word_1_238' title='bbox 299 3074 520 3158; x_wconf 76' lang='lat' dir='ltr'>turpitudine?</span> <span class='ocrx_word' id='word_1_239' title='bbox 553 3096 634 3158; x_wconf 88' lang='lat' dir='ltr'>quae</span> <span class='ocrx_word' id='word_1_240' title='bbox 664 3074 750 3138; x_wconf 89' lang='lat' dir='ltr'>siin</span> <span class='ocrx_word' id='word_1_241' title='bbox 777 3072 983 3138; x_wconf 85' lang='lat' dir='ltr'>deformitate</span> <span class='ocrx_word' id='word_1_242' title='bbox 1010 3075 1157 3160; x_wconf 84' lang='lat' dir='ltr'>corporis</span> 
     </span>
    </p>

    <p class='ocr_par' dir='ltr' id='par_1_25' title="bbox 151 3159 1157 3248">
     <span class='ocr_line' id='line_1_33' title="bbox 151 3159 1157 3248; baseline 0.006 -26"><span class='ocrx_word' id='word_1_243' title='bbox 151 3159 252 3223; x_wconf 84' lang='lat' dir='ltr'>hebet</span> <span class='ocrx_word' id='word_1_244' title='bbox 284 3160 405 3244; x_wconf 83' lang='lat' dir='ltr'>aliquid</span> <span class='ocrx_word' id='word_1_245' title='bbox 434 3162 633 3246; x_wconf 85' lang='lat' dir='ltr'>offensionis,</span> <span class='ocrx_word' id='word_1_246' title='bbox 666 3165 789 3245; x_wconf 86' lang='lat' dir='ltr'>quante</span> <span class='ocrx_word' id='word_1_247' title='bbox 817 3161 877 3226; x_wconf 85' lang='lat' dir='ltr'>ille</span> <span class='ocrx_word' id='word_1_248' title='bbox 904 3162 1093 3248; x_wconf 76' lang='lat' dir='ltr'>depravatio</span> <span class='ocrx_word' id='word_1_249' title='bbox 1124 3167 1157 3228; x_wconf 92' lang='lat' dir='ltr'>et</span> 
     </span>
    </p>

    <p class='ocr_par' dir='ltr' id='par_1_26' title="bbox 100 3246 1158 3335">
     <span class='ocr_line' id='line_1_34' title="bbox 100 3246 1158 3335; baseline 0.007 -24"><span class='ocrx_word' id='word_1_250' title='bbox 100 3263 150 3312; x_wconf 82' lang='lat'>106</span> <span class='ocrx_word' id='word_1_251' title='bbox 165 3246 304 3312; x_wconf 86' lang='lat' dir='ltr'>foeditas</span> <span class='ocrx_word' id='word_1_252' title='bbox 328 3249 505 3334; x_wconf 85' lang='lat' dir='ltr'>turpificati</span> <span class='ocrx_word' id='word_1_253' title='bbox 527 3249 627 3314; x_wconf 85' lang='lat' dir='ltr'>enimi</span> <span class='ocrx_word' id='word_1_254' title='bbox 649 3250 746 3315; x_wconf 90' lang='lat' dir='ltr'>debet</span> <span class='ocrx_word' id='word_1_255' title='bbox 764 3249 880 3315; x_wconf 81' lang='lat' dir='ltr'>videri!</span> <span class='ocrx_word' id='word_1_256' title='bbox 906 3250 1022 3335; x_wconf 85' lang='lat' dir='ltr'>Itaque</span> <span class='ocrx_word' id='word_1_257' title='bbox 1043 3273 1158 3318; x_wconf 82' lang='lat' dir='ltr'>nervo·</span> 
     </span>
    </p>

    <p class='ocr_par' dir='ltr' id='par_1_27' title="bbox 152 3334 1158 3422">
     <span class='ocr_line' id='line_1_35' title="bbox 152 3334 1158 3422; baseline 0.006 -23"><span class='ocrx_word' id='word_1_258' title='bbox 152 3335 219 3399; x_wconf 86' lang='lat' dir='ltr'>sius</span> <span class='ocrx_word' id='word_1_259' title='bbox 242 3334 298 3418; x_wconf 89' lang='lat' dir='ltr'>qui</span> <span class='ocrx_word' id='word_1_260' title='bbox 324 3337 390 3402; x_wconf 85' lang='lat' dir='ltr'>iste</span> <span class='ocrx_word' id='word_1_261' title='bbox 417 3337 591 3422; x_wconf 86' lang='lat' dir='ltr'>disserunt,</span> <span class='ocrx_word' id='word_1_262' title='bbox 621 3339 727 3404; x_wconf 88' lang='lat' dir='ltr'>solum</span> <span class='ocrx_word' id='word_1_263' title='bbox 754 3339 874 3404; x_wconf 83' lang='lat' dir='ltr'>audent</span> <span class='ocrx_word' id='word_1_264' title='bbox 901 3340 1024 3404; x_wconf 82' lang='lat' dir='ltr'>melum</span> <span class='ocrx_word' id='word_1_265' title='bbox 1052 3339 1158 3405; x_wconf 80' lang='lat' dir='ltr'>dicere</span> 
     </span>
    </p>
   </div>
   <div class='ocr_carea' id='block_1_3' title="bbox 67 3422 1163 3634">
    <p class='ocr_par' dir='ltr' id='par_1_28' title="bbox 67 3422 1163 3634">
     <span class='ocr_line' id='line_1_36' title="bbox 135 3422 1160 3515; baseline 0.01 -31"><span class='ocrx_word' id='word_1_266' title='bbox 135 3422 180 3504; x_wconf 69' lang='lat' dir='ltr'>rh}</span> <span class='ocrx_word' id='word_1_267' title='bbox 207 3423 298 3507; x_wconf 81' lang='lat' dir='ltr'>quod</span> <span class='ocrx_word' id='word_1_268' title='bbox 321 3428 417 3515; x_wconf 89' lang='lat' dir='ltr'>turpe</span> <span class='ocrx_word' id='word_1_269' title='bbox 440 3425 493 3513; x_wconf 84' lang='lat' dir='ltr'>sit,</span> <span class='ocrx_word' id='word_1_270' title='bbox 517 3425 573 3514; x_wconf 90' lang='lat' dir='ltr'>qui</span> <span class='ocrx_word' id='word_1_271' title='bbox 595 3429 704 3493; x_wconf 82' lang='lat' dir='ltr'>eutem</span> <span class='ocrx_word' id='word_1_272' title='bbox 722 3426 898 3511; x_wconf 87' lang='lat' dir='ltr'>remissius,</span> <span class='ocrx_word' id='word_1_273' title='bbox 920 3426 945 3490; x_wconf 91' lang='lat' dir='ltr'>ii</span> <span class='ocrx_word' id='word_1_274' title='bbox 962 3431 1074 3492; x_wconf 86' lang='lat' dir='ltr'>temen</span> <span class='ocrx_word' id='word_1_275' title='bbox 1090 3449 1160 3494; x_wconf 86' lang='lat' dir='ltr'>non</span> 
     </span>
     <span class='ocr_line' id='line_1_37' title="bbox 67 3472 1163 3634; baseline 0.007 -63"><span class='ocrx_word' id='word_1_276' title='bbox 67 3472 93 3634; x_wconf 70' lang='grc' dir='ltr'>Ι</span> <span class='ocrx_word' id='word_1_277' title='bbox 120 3507 288 3581; x_wconf 73' lang='lat' dir='ltr'>dubitant</span> <span class='ocrx_word' id='word_1_278' title='bbox 310 3539 487 3588; x_wconf 90' lang='lat' dir='ltr'>summum</span> <span class='ocrx_word' id='word_1_279' title='bbox 512 3517 642 3586; x_wconf 75' lang='lat' dir='ltr'>maium</span> <span class='ocrx_word' id='word_1_280' title='bbox 665 3516 782 3584; x_wconf 78' lang='lat' dir='ltr'>disere.</span> <span class='ocrx_word' id='word_1_281' title='bbox 804 3511 1163 3594; x_wconf 57' lang='lat' dir='ltr'>hundredsetena</span> 
     </span>
    </p>
   </div>
   <div class='ocr_carea' id='block_1_4' title="bbox 0 0 1242 3848">
    <p class='ocr_par' dir='ltr' id='par_1_29' title="bbox 0 0 1242 3848">
     <span class='ocr_line' id='line_1_38' title="bbox 0 0 1242 3848; baseline 0 2"><span class='ocrx_word' id='word_1_282' title='bbox 0 0 1242 3848; x_wconf 95' lang='lat' dir='ltr'> </span> 
     </span>
    </p>
   </div>
  </div>
 </body>
</html>
