2476 3848
473 176 713 242 -517-

90 338 221 401 modum
244 337 288 402 sit
310 336 456 422 affectus,
479 357 552 400 eum
576 355 706 400 necesse
732 339 782 401 est
800 339 855 402 aut
876 337 912 400 in
929 338 1096 420 voluptate
1136 373 1137 376 ¹

91 446 161 489 esse
185 425 298 489 autin
320 425 439 490 dolore.
489 422 602 488 Omnis
630 426 737 488 autem
764 424 946 507 privatione
976 424 1096 489 doloris

89 514 185 596 putat
219 511 379 595 Epicurus
417 511 587 576 terminari
619 532 777 574 summam
812 511 1025 594 voluptatem,
1060 515 1098 576 ut

10 623 15 636 ¹
89 602 203 683 postea
238 599 356 664 variari
391 599 540 683 voluptas
579 598 797 683 distinguique
832 599 949 682 possit,
984 599 1097 683 augeri

92 687 342 770 amplificarique
372 708 437 751 non
468 686 581 769 possit.
634 685 680 750 At
705 686 805 750 etiam
832 685 984 768 Athenis,
1010 689 1047 749 ut
1077 707 1149 755 119

90 777 183 857 patre
216 773 387 838 audiebam
416 773 520 838 facete
552 777 586 838 et
616 774 739 838 urbane
770 771 899 838 Stoicos
935 773 1098 857 irridente,

92 865 201 926 statua
231 864 281 926 est
312 863 346 925 in
376 858 541 926 Ceramico
569 860 744 945 Chrysippi
779 861 918 925 sedentis
949 863 1099 943 porrecta

91 971 203 1033 manu,
230 970 311 1032 quae
334 970 449 1013 manus
473 948 635 1032 significet
655 949 748 1013 illum
770 948 806 1012 in
827 948 889 1012 hac
912 969 982 1012 1111
1004 967 1097 1031 roga·

91 1037 234 1101 tiuncula
256 1037 460 1101 delectatum:
493 1034 745 1120 ‘Numquidnam
766 1057 880 1101 manus
902 1039 961 1101 tua
984 1036 1031 1100 sic
1053 1035 1098 1100 af·

91 1124 189 1206 fecta,
216 1145 310 1208 quem
332 1124 374 1188 ad
397 1124 529 1189 modum
552 1124 668 1188 affecta
694 1144 780 1188 nunc
808 1128 871 1207 est,
901 1123 1098 1189 desiderat?’

92 1210 251 1276 —Nihil
278 1232 363 1276 sane.
389 1248 428 1257 —
454 1210 523 1295 ‘Aa
551 1211 577 1275 si
604 1211 754 1293 voluptas
781 1217 868 1276 esset
889 1211 1023 1295 bonum,
1048 1212 1115 1276 de?

93 1298 269 1364 sideraret.'
292 1335 335 1346 —
358 1298 410 1363 Ita
436 1298 540 1363 credo.
562 1334 605 1344 —
628 1295 716 1362 ‘Non
742 1300 792 1361 est
817 1298 920 1381 igitur
948 1299 1098 1381 voluptas

92 1385 233 1452 bonum'
289 1385 362 1450 Hoc
397 1408 438 1450 nc
474 1389 616 1450 statuam
652 1385 780 1469 quidem
816 1384 975 1448 dicturam
1005 1388 1100 1467 pater

93 1474 215 1557 aicbat,
242 1474 270 1538 si
296 1474 385 1556 loqui
412 1477 532 1557 posset.
582 1471 777 1538 Conclusam
800 1475 851 1536 est
880 1472 965 1536 enim
987 1477 1101 1538 contra

93 1559 286 1644 Cyrenaicos
314 1561 393 1625 satis
421 1564 527 1645 acute,
552 1560 636 1625 nihil
663 1560 704 1625 ad
725 1559 910 1643 Epicurum.
960 1558 1048 1624 Nam
1071 1562 1100 1625 si

93 1670 131 1712 ea
154 1649 224 1712 sola
245 1649 396 1731 voluptas
415 1651 512 1731 11111,
535 1669 616 1732 quae
640 1648 732 1732 quasi
753 1648 904 1711 titillaret
921 1667 1041 1725 sensus,
1063 1652 1101 1712 ut

93 1737 141 1800 ita
170 1736 287 1820 dicam,
317 1738 349 1800 et
372 1735 413 1800 ad
443 1757 499 1801 eos
526 1757 599 1800 cum
622 1736 781 1800 suavitate
804 1735 953 1798 afflueret
975 1737 1008 1798 et
1028 1735 1100 1799 illa-

93 1824 236 1905 beretur,
257 1845 317 1888 neo
335 1845 448 1888 manus
467 1845 536 1888 esse
555 1827 708 1888 contenta
729 1825 840 1906 posset
857 1843 917 1887 nec
935 1822 1003 1886 ulla
1022 1844 1100 1905 pars

93 1912 255 1975 vacuitate
279 1911 399 1977 doloris
427 1911 496 1977 sine
522 1911 661 1977 iucundo
687 1914 777 1974 motu
803 1910 992 1992 voluptatis.
1043 1908 1101 1975 Sin

94 2002 203 2062 autem
226 2020 353 2063 summa
378 1999 528 2084 voluptas
556 2003 618 2083 est,
644 2003 683 2064 ut
703 1997 842 2082 Epicuro
869 1997 989 2081 placet,
1017 1997 1100 2062 nihil

94 2086 213 2162 dolere,
235 2087 377 2168 primum
399 2087 462 2151 tibi
483 2090 582 2171 recte,
612 2085 805 2170 Chrysippo,
832 2105 1020 2150 concessum
1042 2089 1102 2171 est,

93 2172 176 2236 nihil
199 2172 379 2236 desiderare
397 2195 543 2258 manum,
566 2197 638 2239 cum
660 2174 707 2238 ita
730 2177 816 2237 esset
840 2172 968 2257 affecta,
991 2195 1101 2240 secun-

93 2260 170 2322 dum
191 2280 258 2323 non
279 2263 379 2342 recte,
402 2261 431 2323 si
453 2262 603 2344 voluptas
627 2264 713 2326 11111
735 2260 868 2339 bonum,
896 2260 996 2326 fuisse
1020 2262 1101 2326 desi·

95 2347 287 2411 deraturam.
331 2346 455 2411 Idcirco
479 2350 565 2412 enim
586 2370 654 2413 non
676 2348 887 2432 desideraret,
909 2349 993 2432 quia,
1016 2348 1101 2433 quod

96 2434 204 2498 dolore
227 2437 328 2516 caret,
350 2433 384 2498 id
407 2435 631 2519 inuoluptate
654 2440 712 2500 est.

159 2521 348 2616 Extremum
386 2525 496 2587 autem
532 2544 602 2588 esse
637 2523 797 2588 bonorum
828 2523 1030 2607 voluptatem
1063 2501 1157 2626 11113,

93 2609 156 2674 hoc
181 2609 335 2674 facillime
366 2610 505 2694 perspici
533 2614 655 2694 potestt
690 2608 933 2676 Constituamus
961 2611 1102 2695 aliquem

94 2697 237 2781 magnis,
259 2697 386 2782 multis,
412 2699 575 2781 perpetuis
602 2698 763 2763 fruentem
792 2702 826 2764 et
848 2700 955 2763 animo
978 2703 1011 2762 et
1034 2719 1102 2763 cor·

93 2806 173 2866 pore
205 2785 427 2868 voluptatibus
458 2787 548 2850 nullo
581 2786 693 2851 dolore
724 2806 784 2850 neo
819 2786 1013 2870 impediente
1043 2807 1105 2850 neo

95 2872 317 2957 impendente,
345 2894 440 2957 quem
469 2874 598 2938 tandem
625 2873 687 2938 hoc
714 2877 801 2938 statu
825 2874 1103 2956 praestabiliorem

95 2962 151 3022 aut
172 2961 279 3043 magis
299 2960 517 3043 expetendum
537 2961 699 3044 possimus
723 2960 850 3025 dicere?
884 2960 994 3026 Inesse
1016 2961 1105 3026 enim

94 3066 224 3110 11111111
246 3050 297 3110 111
317 3047 353 3110 in
376 3069 427 3131 11,
456 3049 512 3132 qui
537 3049 586 3113 ita
615 3049 659 3113 sit
685 3049 831 3132 affectus,
862 3052 896 3113 et
916 3049 1105 3114 firmitatem

95 3133 195 3196 animi
216 3154 277 3198 nec
299 3139 438 3199 mortem
464 3157 524 3201 nec
551 3136 697 3201 dolorem
721 3137 881 3220 timentis,
908 3137 993 3221 quod
1015 3160 1103 3203 mors

96 3241 191 3285 sensu
210 3225 333 3305 careat,
357 3222 450 3288 dolor
467 3224 502 3287 in
519 3224 757 3309 longinquitate
775 3224 870 3309 levis,
890 3225 926 3288 in
944 3226 1104 3311 gravitate

94 3308 201 3372 brevis
233 3309 337 3373 soleat
369 3329 453 3394 esre,
484 3314 521 3374 ut
553 3313 623 3376 eius
653 3312 912 3396 magnitudinem
948 3314 1104 3395 celeritas,

96 3395 343 3461 diuturnitatem
372 3398 526 3463 allevatio
550 3400 742 3464 consoletur.
784 3399 836 3464 Ad
859 3420 898 3466 11
920 3421 992 3465 cum
1016 3421 1102 3464 acce·
1121 3419 1158 3470 41

96 3481 157 3567 dit,
184 3487 222 3548 ut
243 3504 347 3568 neque
370 3484 513 3550 divinum
534 3508 655 3553 numen
675 3487 809 3552 horreat
828 3508 890 3553 nec
912 3488 1102 3572 praeteritas
