2476 3848
517 171 757 238 -152-

136 340 204 405 rari
229 343 285 405 aut
308 341 421 423 optare
444 341 502 403 aut
525 340 674 421 expetere
697 287 847 436 oportere
868 336 1015 419 nullique
1037 358 1142 421 neque

138 427 263 492 homini
289 447 392 510 neque
420 423 657 510 perturbationi
686 423 786 487 animi
807 444 866 487 neo
891 421 1041 488 fortunae
1070 426 1143 489 sub-

138 515 295 579 cumbere.
340 514 456 578 Altera
487 516 537 577 est
568 532 634 595 res,
664 514 715 594 ut,
747 532 820 575 oum
851 510 899 574 ita
931 511 976 574 sis
1009 511 1144 577 affectus

13 625 20 629 ⁴
138 602 260 686 anime,
283 604 321 665 111
343 622 441 684 supra
464 599 543 683 dixi,
565 619 617 662 res
641 618 735 684 geras
754 618 890 682 magnas
912 596 989 662 illas
1013 598 1142 682 quidem

139 694 171 754 et
189 710 338 754 maxume
355 689 462 771 utiles,
481 687 610 751 sedt
560 688 595 767 [u
596 688 624 766 1]
647 686 818 750 vehement
804 689 854 749 ter
876 685 993 749 arduas
1016 686 1143 770 plenas·

140 799 201 861 que
228 777 379 841 laborum
407 779 440 839 et
465 774 682 859 periculorum
711 795 783 838 oum
810 772 910 854 vitae,
932 776 1004 836 turn
1026 775 1144 839 multa-

86 880 120 930 6‘1
139 886 211 929 rum
234 885 355 946 rerum,
379 883 460 946 quae
483 862 525 926 ad
546 863 648 926 vitam
669 860 842 944 pertinent
886 858 1012 924 Harum
1034 883 1144 926 rerum

140 951 276 1016 duarum
299 950 452 1034 splendor
475 948 593 1032 omnis,
616 948 810 1032 amplitude,
833 947 972 1012 addet
940 948 1038 1012 etiam
1056 949 1144 1013 utili-

139 1038 282 1122 tatem,
272 1059 308 1102 111
323 1036 523 1138 posteriore
523 1040 586 1119 est,
605 1057 701 1136 eausa
720 1039 828 1100 autem
847 1039 880 1099 et
897 1039 949 1100 rat
950 1036 982 1100 ie
1001 1036 1143 1101 efficiens

139 1146 276 1211 magnes
298 1125 448 1190 virosm
474 1125 660 1208 priere3m
688 1144 726 1187 ee
754 1127 804 1187 est
832 1122 917 1187 enim
939 1123 1034 1207 illud,
1058 1125 1145 1207 qued

140 1214 333 1278 excellentes
357 1212 481 1276 animes
505 1215 538 1275 et
555 1211 698 1275 humana
721 1213 962 1276 contemnentes
981 1210 1070 1277 facit.
1105 1210 1145 1276 Id

140 1300 276 1366 autern
267 1322 375 1385 rpsum
393 1298 560 1365 cernitur
551 1321 586 1363 1n
604 1298 791 1381 duobus,
765 1319 794 1362 ar
817 1301 850 1362 et
868 1299 974 1363 selum
992 1298 1034 1382 id,
1058 1299 1145 1382 qued

139 1389 313 1453 honesturn
341 1389 397 1469 sit,
423 1388 544 1451 benum
566 1386 686 1451 iudices
715 1389 748 1450 et
776 1386 817 1450 ab
841 1386 930 1449 emni
953 1387 1052 1450 animi
1074 1409 1145 1471 per·

140 1476 326 1542 turbatione
349 1475 479 1539 liber
454 1496 508 1539 srs.
552 1472 694 1539 Namt
662 1477 694 1538 et
717 1495 768 1556 ea,
791 1494 874 1556 quae
892 1473 1010 1538 eximia
1031 1474 1144 1558 pleris-

141 1585 202 1648 que
226 1568 259 1628 et
281 1563 448 1648 praeclara
465 1562 575 1627 vident
576 1584 624 1644 ur,
641 1583 743 1646 parva
761 1561 875 1625 ducere
883 1582 999 1662 'eaque
1017 1561 1143 1624 ratione

140 1651 253 1716 stabili
281 1652 438 1734 firmaque
471 1653 674 1714 contemnere
709 1647 786 1712 fort'
762 1652 805 1712 trs
839 1648 938 1712 animi
970 1649 1143 1734 magnique

140 1738 319 1803 ducendum
351 1743 413 1821 est,
386 1740 482 1801 tet
515 1758 565 1819 ea,
602 1756 684 1818 quae
715 1736 865 1800 videntur
902 1737 1029 1820 acerba,
1062 1758 1144 1820 quae

140 1827 224 1891 mult
210 1831 245 1891 ta
268 1830 300 1890 et
318 1826 409 1890 varia
426 1824 461 1887 in
478 1823 694 1888 hominum
664 1826 712 1888 v1t
714 1845 733 1887 a
698 1822 817 1888 ttfer
803 1828 944 1908 tunaque
963 1827 1142 1906 versantur,

139 1914 188 1978 ita
209 1914 308 1995 ferre,
335 1916 371 1975 11]
397 1911 480 1974 nihil
508 1914 585 1975 ast
587 1914 643 1975 atu
669 1915 804 1974 naturae
832 1911 989 1994 discedas,
1017 1910 1099 1974 nihil
1123 1933 1143 1974 a

141 2001 302 2085 dignitate
325 1999 496 2083 sapientia,
519 1999 646 2062 robusti
665 1998 765 2063 animi
784 2002 833 2063 est
851 2019 1051 2098 magnaeque
1070 2019 1142 2062 een-

87 2092 216 2152 eastan
216 2087 289 2150 tiae.
343 2085 419 2150 Non
450 2089 500 2149 est
532 2088 640 2150 autem
671 2089 936 2171 consentaneum,
961 2086 1024 2188 'qui
1054 2089 1144 2150 metu

139 2195 207 2240 nen
223 2173 402 2257 frangatur,
422 2195 495 2237 eum
512 2172 620 2258 frangi
635 2174 796 2274 cupiditat
798 2196 815 2238 e
832 2196 900 2258 neo,
914 2175 970 2258 qui
987 2173 1144 2244 invictum

141 2283 176 2326 se
199 2283 219 2326 a
240 2262 352 2326 labere
375 2282 498 2345 praesr
471 2261 589 2344 titerit,
612 2261 697 2325 vinci
720 2284 740 2326 a
761 2263 911 2346 voluptat
878 2285 938 2327 ae.
975 2261 1079 2337 Quam
1102 2262 1143 2325 ob

140 2371 210 2414 rem
238 2353 271 2413 et
297 2348 376 2413 haec
402 2352 450 2412 vrt
427 2347 536 2412 'tanda
565 2352 597 2412 et
619 2349 772 2500 pecuniae
794 2349 949 2434 fugienda
971 2349 1093 2450 cupidit
1095 2371 1145 2433 as3

140 2437 224 2502 nihil
248 2437 333 2500 enim
356 2439 407 2501 est
428 2439 498 2500 tam
517 2440 635 2521 angust
636 2436 649 2499 i
667 2437 767 2501 animi
784 2440 916 2520 tamque
934 2438 1028 2521 parvi
1046 2458 1144 2520 quam

142 2546 251 2590 amare
266 2514 356 2589 divit'
332 2528 410 2607 tras,
422 2523 506 2588 nihil
519 2523 646 2588 honest'
622 2528 687 2589 trus
705 2524 924 2610 magnificent
910 2546 1028 2625 rusque
1047 2545 1144 2606 quam

141 2612 310 2698 pecuniam
337 2616 553 2695 contemnere,
582 2611 611 2675 si
637 2632 703 2676 non
728 2612 864 2696 habeas,
891 2611 920 2676 si
945 2611 1080 2692 habeas,
1103 2610 1145 2674 ad

141 2700 329 2767 beneficent
320 2723 386 2765 ram
395 2699 540 2764 liberalit
526 2703 691 2783 tatemque
701 2700 853 2764 conferre.
882 2696 1032 2764 Cavenda
1046 2697 1145 2762 etiarn

142 2793 192 2854 est
216 2789 339 2874 gloriae
358 2788 532 2872 cupiditas,
554 2791 592 2852 nt
610 2808 709 2871 supra
727 2787 807 2871 dixi3
829 2786 927 2871 eripit
946 2786 1031 2851 enim
1049 2785 1145 2850 liber-

142 2880 258 2959 tatem,
285 2897 344 2959 pre
373 2896 437 2958 qua
463 2874 680 2959 magnanimis
707 2874 786 2939 viris
819 2875 924 2939 omnis
951 2874 1047 2939 debet
1075 2895 1146 2939 esse

143 2963 315 3027 eontentio.
351 2961 420 3026 Nee
442 2983 519 3026 vere
536 2961 673 3046 imperia
696 2963 875 3045 expetenda
897 2985 935 3028 ac
957 2963 1066 3048 petius
1090 2965 1147 3026 aut

142 3070 209 3115 nen
223 3048 407 3132 accipienda
424 3049 587 3113 interdum
606 3053 662 3114 aut
681 3049 869 3132 deponenda
881 3072 948 3115 nen
960 3071 1145 3134 numquam.

89 3153 122 3202 69
141 3135 331 3200 Vacandum
354 3139 462 3199 autern
485 3136 574 3200 omni
596 3140 647 3200 est
670 3137 769 3201 animi
791 3139 1051 3222 perturbatione,
1073 3158 1146 3200 curn

142 3223 318 3307 cupiditate
338 3226 371 3286 et
389 3226 486 3306 metu,
499 3227 570 3287 tum
588 3224 688 3288 etiarn
706 3224 907 3310 aegritudine
926 3229 959 3289 et
976 3225 1146 3307 veluptate

140 3311 243 3376 nimia
270 3314 303 3374 et
330 3311 508 3394 naoundia,
531 3314 569 3374 111
595 3312 818 3396 tranquillitas
847 3313 947 3376 animi
970 3315 1003 3375 et
1031 3310 1146 3374 securi-

141 3403 193 3464 tas
222 3398 320 3482 adsit,
352 3419 433 3482 quae
462 3398 556 3463 affert
587 3421 661 3464 oum
688 3399 917 3482 constantiam,
947 3402 1020 3463 tum
1047 3397 1147 3463 etiam

63 3486 344 3632 ·dignitatem.
379 3484 477 3551 Multi
495 3489 604 3551 autem
627 3490 660 3551 et
679 3491 755 3552 sunt
778 3490 812 3552 et
827 3485 972 3570 fuerunt,
991 3484 1047 3570 qui
1066 3507 1147 3570 eam,
