2476 3848
469 180 711 245 „199..

155 328 218 394 Sed
245 330 451 398 deamicitia
474 332 539 397 alio
562 332 647 397 libro
670 332 793 397 dictum
815 335 879 410 est,
906 331 964 415 qui
984 331 1134 398 inseri-9

91 419 178 483 bitur
200 417 346 501 Laelius3
367 440 452 484 nune
473 420 617 484 dicamus
641 420 679 485 de
701 419 817 506 gloria,
839 441 1035 503 quamquam
1056 441 1095 484 ea

89 528 216 590 quoque
244 506 282 570 de
305 528 340 569 re
363 506 426 571 duo
449 512 526 572 sunt
551 508 657 573 nostri
683 506 774 590 libri,
801 506 858 572 sed
884 507 1094 591 attingamus,

88 594 350 677 quandoquidem
376 616 415 658 ea
442 595 477 658 in
502 596 599 660 rebus
626 594 803 660 maioribus
830 594 1094 659 administrandis

90 682 222 746 adiuvat
244 682 428 765 plurimum.
474 681 608 747 Summa
632 683 735 767 igitur
762 685 796 746 et
822 682 966 766 perfecta
988 682 1095 767 gloria

89 773 218 834 constat
245 791 284 833 ex
310 769 416 834 tribus
443 770 509 835 bis:
536 771 565 835 si
591 771 701 856 diligit
728 770 916 852 multitudo,
944 770 972 834 si
997 770 1094 834 fidem

89 858 198 939 habet,
216 857 331 921 sicum
345 858 558 923 admiratione
572 859 712 941 quadam
725 858 847 923 honore
862 858 977 943 dignos
990 861 1095 942 putat.

89 944 180 1009 Haec
202 949 323 1028 autem,
353 945 382 1008 si
405 950 455 1010 est
477 946 669 1030 simpliciter
690 946 895 1028 breviterque
917 945 1095 1024 dicendum,

91 1032 208 1116 quibus
230 1032 326 1096 rebus
349 1033 521 1115 pariuntur
543 1057 564 1098 a
583 1034 730 1119 singulis,
753 1033 874 1098 eisdem
891 1032 959 1098 fere
977 1056 998 1097 a
1015 1034 1095 1098 mul-

89 1120 238 1184 titudine.
274 1117 337 1183 Sed
360 1124 411 1184 est
432 1121 515 1185 alius
535 1143 662 1205 quoque
680 1121 811 1205 quidam
829 1121 937 1186 aditus
956 1121 1095 1186 ad'mul·

90 1208 272 1290 titudinem,
289 1211 327 1271 ut
343 1208 379 1271 in
395 1208 620 1273 universorum
637 1209 762 1274 animos
776 1214 944 1293 tamquam
961 1208 1095 1274 influere

90 1296 261 1380 possimus.
297 1295 346 1360 Ac
363 1297 505 1380 primum
528 1297 567 1360 de
589 1296 656 1360 illis
678 1297 793 1380 tribus,
816 1318 898 1380 quae
921 1299 997 1362 aute
1020 1296 1095 1379 dixi,
1113 1312 1148 1362 32

90 1383 328 1448 benivolentiae
350 1387 523 1468 praecepta
544 1383 723 1468 videamus3
750 1406 832 1467 quae
860 1384 989 1468 quidem
1011 1384 1096 1468 eapi-

91 1474 146 1534 tur
167 1471 330 1535 benefieiis
353 1471 506 1554 maxime,
535 1471 673 1536 secundo
700 1476 809 1536 autem
831 1471 903 1537 loco
926 1471 1095 1537 voluntate

92 1558 235 1623 benefica
256 1558 476 1623 benivolentia
498 1563 660 1642 movetur,
686 1559 816 1625 etiamsi
841 1581 893 1625 res
919 1559 1005 1624 forte
1029 1581 1095 1625 non

92 1646 250 1730 suppetit3
279 1647 485 1711 vehementer
513 1652 622 1712 autem
649 1669 740 1712 amor
766 1647 984 1712 multitudinis
1012 1669 1095 1714 com·

92 1738 240 1798 movetur
262 1733 335 1818 ipsa
351 1733 440 1799 fama
458 1738 491 1799 et
510 1735 662 1819 opinione
679 1735 898 1818 liberalitatis,
920 1737 1095 1801 benefican-

91 1822 165 1903 tiae,
186 1821 340 1904 iustitiae,
362 1822 438 1886 fidei
460 1823 668 1906 omniumque
690 1844 802 1888 earum
822 1823 990 1906 virtutum,
1014 1844 1096 1906 quae

92 1909 256 1993 pertinent
288 1910 329 1973 ad
360 1911 639 1975 mansuetudinem
671 1932 797 1976 morum
829 1932 866 1975 ac
894 1910 1095 1976 facilitatem.

91 1996 222 2062 Etenim
244 1996 327 2060 illud
349 1997 465 2082 ipsum,
488 1999 574 2082 quod
596 1998 768 2064 honestum
791 1999 1003 2083 decorumque
1022 1998 1096 2063 dici·

91 2105 177 2166 mus,
209 2085 285 2168 quia
315 2105 374 2169 per
406 2107 440 2150 se
470 2087 566 2151 nobis
595 2087 703 2172 placet
734 2086 923 2170 animosque
952 2086 1095 2152 omnium

90 2176 209 2236 natura
230 2176 264 2235 et
287 2173 391 2256 specie
410 2195 469 2239 sua
491 2178 673 2239 commovet
690 2174 892 2257 maximeque
911 2175 1005 2259 quasi
1025 2196 1096 2259 per·

91 2260 178 2324 lucet
205 2281 244 2323 ex
269 2259 325 2343 iis,
356 2282 436 2344 quas
464 2261 727 2344 commemoravi,
757 2261 946 2345 virtutibus,
977 2262 1095 2328 idcirco

91 2346 209 2429 illos,
199 2369 234 2410 m
256 2311 372 2430 quibus
396 2370 451 2413 eas
468 2348 606 2414 virtutes
625 2369 830 2427 asseramur,
853 2372 873 2413 a
889 2353 1007 2414 nature
1023 2350 1096 2434 ipsa

92 2434 227 2518 diligere
249 2436 402 2520 cogimur.
438 2436 485 2500 At
470 2439 548 2519 tque
569 2436 631 2501 hae
654 2435 783 2518 quidem
805 2457 921 2502 causae
941 2436 1096 2522 diligendi

93 2521 318 2606 gravissimae,
344 2527 481 2607 possunt
508 2523 594 2588 enim
616 2524 785 2607 praeterea
805 2543 871 2587 nou
892 2523 1002 2587 nullae
1026 2545 1096 2588 esse

92 2608 239 2674 leviores.
274 2609 369 2675 Fides
388 2614 496 2676 autem
514 2616 552 2675 ut
569 2610 737 2690 habeatur,
755 2608 879 2673 duabus
897 2610 993 2673 rebus
1012 2609 1096 2675 effici
1114 2626 1148 2676 83

92 2700 211 2780 potest,
230 2697 258 2761 si
272 2698 355 2763 exist
340 2698 530 2763 timebimur
544 2696 650 2781 adept
641 2719 653 2760 1
666 2694 869 2761 comunctam
883 2717 956 2760 eum
972 2696 1050 2760 iusti
1051 2696 1097 2760 tia

92 2784 241 2884 prudent
231 2807 306 2852 ram.
349 2784 437 2851 Nam
463 2787 532 2851 et
523 2786 564 2850 iis
591 2785 687 2849 fidem
714 2781 883 2865 habemus,
914 2804 994 2866 quos
1022 2782 1096 2865 plus

91 2872 281 2958 untellegere
308 2895 406 2957 quam
432 2896 492 2940 nos
520 2873 717 2939 arbitramur
748 2891 892 3021 quosque
924 2874 957 2935 et
942 2870 1038 2935 ιιιιι
1024 2874 1097 2936 tura

91 2960 275 3044 prospicere
299 2962 457 3027 eredimus
483 2965 524 3045 et,
548 2982 621 3027 cum
643 2979 694 3023 res
718 2960 796 3042 agat
797 2978 835 3022 ur
857 2958 893 3023 in
915 2958 1097 3024 dinomen-

92 3067 154 3128 que
172 3052 305 3113 ventum
324 3050 377 3127 sit,
400 3071 460 3134 exp
463 3012 550 3114 ediie
567 3069 636 3112 rem
654 3050 688 3110 et
706 3045 876 3110 consilium
895 3067 933 3111 ex
951 3050 1097 3148 tempore

92 3156 205 3218 capere
232 3159 342 3221 posse,
369 3073 460 3203 banc
481 3137 567 3202 enim
593 3137 631 3199 ut
616 3135 708 3199 tilam
735 3132 882 3199 homines
910 3134 1097 3201 existimant

91 3243 265 3307 veramque
282 3225 497 3309 prudentiam.
532 3223 631 3288 Iustis
651 3225 760 3287 autem
782 3223 829 3302 [et
850 3220 937 3304 fidis]
960 3223 1097 3288 homini·

92 3310 162 3393 bus,
185 3312 218 3376 id
241 3316 291 3377 est
276 3312 407 3377 tbonis
431 3312 519 3394 viris,
541 3311 589 3376 ita
613 3310 692 3374 fides
715 3309 863 3392 habetur,
885 3313 922 3374 ut
944 3280 1168 3632 nullasu(

91 3396 127 3460 in
148 3399 188 3463 iis
211 3399 334 3464 fraudis
351 3399 551 3483 iniuriaeque
570 3397 718 3483 suspicio.
755 3395 869 3481 Itaque
887 3396 939 3462 his
958 3398 1100 3467 salutem

90 3489 246 3570 nostram,
268 3488 321 3552 bis
343 3487 501 3572 fortunas,
523 3486 575 3551 his
598 3486 719 3551 liberos
739 3483 918 3551 rectissima
936 3484 1055 3551 commi
