2476 3848
470 183 709 247 -411-

90 344 155 408 nisi
182 346 291 410 omnia
317 343 418 410 videri
445 343 553 409 subita
579 344 717 426 maiora,
746 345 930 428 etquidem
953 346 994 411 ob
1018 345 1097 411 duas
1175 369 1179 377 ·

91 432 687 585 {thracas{irritata
712 432 1099 585 ttdttttttt

92 607 277 690 praecaveri
303 542 462 692 potirisee,
489 607 518 672 si
548 570 715 693 provisum
748 569 851 691 esset,²
879 607 971 692 quasi
1003 603 1099 692 culpe
1204 599 1205 602 ¹

93 698 292 759 contractum
311 696 434 760 melum
452 695 687 780 aegritudinem
705 696 861 760 acriorem
883 695 970 760 facit
1007 695 1099 772 Quod
1118 711 1151 760 oa

92 782 140 846 ita
162 803 232 846 esse
255 783 323 846 dies
346 783 501 866 declarat,
526 805 608 868 quae
630 784 805 868 procedens
828 783 876 848 ita
899 783 1042 868 mitigat,
1064 785 1101 847 ut

92 870 195 934 isdem
220 870 317 934 malis
342 871 546 936 manentibus
565 893 630 937 non
648 872 745 938 modo
766 872 905 937 leniatur
923 870 1100 957 aegritudo,

94 957 198 1022 sedin
216 956 377 1042 plerisque
394 958 539 1024 tollatur.
566 958 855 1046 Karthaginienses
869 960 963 1024 multi
975 959 1099 1024 Romae

75 1044 286 1126 servierunt,
312 1043 503 1110 Macedones
530 1067 606 1132 rege
632 1046 729 1112 Perse
758 1051 868 1132 capt03
905 1047 973 1112 vidi
1001 1047 1101 1111 etiem

93 1134 128 1197 in
150 1132 385 1217 Peloponneso,
414 1154 486 1197 eum
509 1155 612 1198 essem
635 1134 834 1213 adulescenS,
861 1135 1018 1219 quosdam
1041 1132 1100 1200 00-

93 1221 242 1285 rinthios.
291 1220 335 1285 Hi
362 1223 514 1305 poterant
541 1242 652 1286 omnes
681 1222 792 1288 eadem
823 1223 881 1288 illa
908 1223 947 1289 de
975 1223 1101 1288 Andro·

93 1307 208 1373 macha
230 1308 411 1392 deplorare:

253 1431 355 1496 Haec
377 1431 506 1495 omnia
528 1431 608 1496 vidi
633 1481 763 1514 .....

95 1572 151 1636 sed
175 1570 240 1636 iam
263 1571 514 1636 decantaverant
534 1571 682 1637 fortasse.
718 1570 767 1636 Eo
788 1570 874 1635 enim
892 1573 987 1636 erant
1002 1571 1102 1654 voltu,

95 1659 256 1742 oratione,
279 1659 367 1723 omni
393 1659 517 1743 reliquo
536 1662 627 1724 motu
646 1661 680 1723 et
702 1661 804 1736 statu,
825 1661 863 1723 ut
885 1679 940 1723 eos
960 1657 1101 1744 Argivos

95 1750 152 1811 aut
170 1745 335 1830 Sicyonios
354 1746 490 1830 diceres,
512 1747 680 1831 magisque
698 1767 749 1810 me
768 1749 936 1811 moverant
953 1744 1101 1812 Corinthi

94 1835 202 1899 subito
240 1837 390 1919 aspectae
428 1834 605 1917 parietinae
649 1855 745 1918 quam
780 1834 869 1918 ipsos
906 1833 1102 1917 Corinthios,

94 1944 229 2006 quorum
260 1922 376 1988 animis
411 1922 562 1987 diuturna
595 1922 748 2007 cogitatio
782 1922 897 1987 callum
929 1922 1101 1986 vetustatis

95 2010 281 2074 obduxerat.
335 2009 488 2093 Legimus
519 2010 638 2075 librum
670 2007 879 2093 Clitomachi,
914 2031 1009 2094 quem
1045 2009 1101 2074 ille
1120 2031 1155 2081 54

96 2119 207 2162 eversa
227 2096 428 2181 Karthagine
451 2097 541 2162 misit
564 2097 751 2164 consolandi
774 2119 871 2162 causa
893 2097 934 2161 ad
956 2097 1102 2182 captivos

95 2183 181 2248 cives
215 2206 303 2267 suos,
336 2185 370 2247 in
402 2207 439 2248 eo
472 2189 521 2250 eet
552 2184 730 2268 disputatio
764 2184 883 2268 scripta
920 2182 1103 2268 Carneadis,

95 2293 192 2356 quam
220 2292 254 2335 ee
284 2271 331 2334 ait
357 2272 392 2335 in
419 2272 683 2336 commentarium
715 2271 888 2338 rettulisse.
943 2270 1025 2338 Cum
1056 2275 1103 2338 ita

94 2359 238 2443 positum
265 2361 364 2438 esset,
395 2358 496 2423 videri
523 2359 592 2424 fore
623 2361 658 2424 in
692 2359 892 2443 aegritudine
924 2362 1102 2444 eapientem

95 2445 203 2530 patria
229 2449 337 2530 capta,
365 2466 447 2530 quae
474 2444 652 2513 Carneades
683 2451 795 2514 contra
824 2448 953 2533 dixerit,
982 2448 1104 2531 scripta

96 2537 179 2598 eunt.
220 2533 326 2598 Tanta
347 2532 448 2618 igitur
469 2535 666 2601 calamitatis
688 2537 868 2618 praesentis
891 2535 1061 2600 adhibetur
1084 2556 1103 2599 a

95 2622 288 2706 philosopho
307 2622 476 2705 medicina,
493 2625 615 2707 quanta
631 2624 829 2690 inveteratae
844 2644 885 2688 ne
904 2622 1104 2688 desideratur

96 2710 237 2794 quidem,
268 2731 340 2793 nec,
373 2710 402 2776 si
431 2711 555 2794 aliquot
586 2711 679 2775 annis
711 2715 787 2796 post
817 2711 902 2776 idem
934 2709 990 2773 ille
1021 2710 1102 2774 liber

95 2797 232 2879 captivis
256 2798 375 2862 missus
398 2802 495 2879 esset,
517 2798 703 2864 volneribus
726 2798 918 2881 mederetur,
942 2796 998 2861 sed
1021 2797 1102 2861 cica-

95 2885 238 2948 tricibus.
292 2883 418 2951 Sensim
450 2885 535 2950 enim
567 2889 601 2950 et
630 2885 861 2970 pedetemptim
894 2884 1103 2970 progrediens

95 2974 287 3037 extenuatur
314 2973 417 3055 dolor,
444 2994 511 3037 non
539 2995 603 3057 quo
631 2975 702 3057 ipsa
729 2995 780 3038 res
807 2972 971 3037 immutari
1001 2974 1105 3038 soleat

96 3063 153 3123 aut
180 3060 297 3144 possit,
326 3060 380 3124 sed
408 3060 454 3143 id,
482 3061 567 3144 quod
594 3062 677 3126 ratio
707 3059 877 3143 debuerat;
902 3081 979 3126 usus
1002 3060 1104 3145 docet,

80 3147 222 3212 ‘minora
246 3168 316 3211 esse
339 3169 390 3229 ea,
413 3168 495 3230 quae
519 3149 586 3213 sint
607 3148 678 3213 visa
700 3148 832 3213 maiora.

163 3234 246 3311 Quid
283 3255 359 3318 ergo
396 3257 477 3319 opue
514 3240 577 3319 est,
610 3236 693 3300 dicet
724 3236 853 3320 aliquis,
889 3238 1015 3303 ratione
1048 3217 1156 3339 aur‘2,{

94 3323 227 3388 omnino
246 3322 467 3388 consolatione
485 3321 557 3408 illa,
576 3345 639 3408 qua
657 3323 798 3388 solemus
818 3325 879 3407 uti,
905 3347 978 3390 cum
996 3326 1103 3389 levare

93 3410 239 3475 dolorem
272 3411 485 3476 maerentium
517 3410 686 3476 volumus?
717 3411 781 3476 hoc
813 3411 899 3476 enim
935 3413 1002 3477 fere
1033 3414 1103 3474 tum

92 3496 251 3562 hebemus
270 3498 304 3562 in
321 3502 485 3583 promptu,
503 3498 585 3563 nihil
604 3502 753 3582 oportere
771 3498 974 3582 inopinatum
988 3497 1104 3578 videri3
