2436 3840
518 193 759 258 -276-

100 337 121 401 3
201 355 289 422 Caro.
325 353 465 438 Faciam,
486 358 525 419 ut
542 357 666 439 potero,
684 353 784 420 Laeli.
816 351 919 439 Saepe
937 354 1023 420 enim
1040 354 1141 419 inter-

100 416 182 510 ⁷fui
205 443 344 528 querelis
371 442 555 526 aequalium
582 463 728 507 meorum
754 441 862 527 (paros
891 445 999 507 autem
1029 446 1140 508 vetere

133 532 402 686 111ἓῖ1ῗὲιοίΠΜ
424 527 1140 684 11111111111111

134 708 240 772 nostri
260 706 328 771 fere
347 641 506 792 aleqllales,
525 642 692 791 deplorare
711 668 870 788 sblebant,
890 709 962 769 tum
980 706 1066 788 quod
1084 670 1140 772 vo3

134 794 317 880 luptatibus
345 796 504 878 carerent,
532 793 600 858 sine
628 793 746 876 quibus
772 793 875 858 vitam
897 795 1022 858 nullam
1045 797 1141 878 puta·

135 886 221 965 rent,
248 885 320 946 tum
342 881 428 963 quod
451 885 678 965 spernerentur
701 881 741 945 ab
765 881 820 964 iis,
847 903 867 945 a
890 882 1007 964 quibus
1030 887 1141 947 essent

136 971 200 1035 ooli
220 969 318 1034 soliti.
351 967 414 1043 Qui
431 967 512 1032 mihi
529 989 596 1032 non
612 968 646 1031 id
663 968 857 1033 videbantur
875 990 1034 1053 accusare,
1053 970 1141 1053 quod

135 1061 221 1122 esset
245 1055 467 1122 accusandum.
511 1054 598 1120 Nam
621 1056 649 1119 si
670 1056 705 1119 id
731 1056 827 1140 culpa
854 1057 1029 1121 senectutis
1058 1058 1141 1122 acci·

136 1146 241 1228 deret,
269 1144 381 1208 eadem
404 1142 485 1207 mihi
511 1165 573 1207 usu
594 1143 741 1208 venirent
763 1144 961 1228 reliquisque
987 1145 1139 1210 omnibus

136 1232 312 1298 maioribus
335 1234 424 1314 natu,
446 1252 582 1314 quorum
601 1252 661 1317 ego
681 1232 858 1296 multorum
877 1233 1015 1316 cognovi
1034 1254 1141 1297 senec·

135 1324 239 1385 tutem
254 1320 322 1384 sine
336 1319 476 1403 querela,
499 1319 602 1402 quise
617 1322 650 1382 11
668 1319 839 1384 libidinum
857 1320 993 1385 vinculis
1010 1321 1140 1386 laxatos

136 1430 206 1474 esse
237 1429 303 1472 non
334 1408 470 1472 moleste
501 1406 623 1471 ferrent
641 1428 713 1498 ⁸noc
745 1431 764 1471 a
791 1407 858 1472 suis
891 1408 1140 1493 despicerentur.

136 1495 199 1561 Sed
222 1495 366 1560 omnium
387 1495 483 1559 istius
506 1494 594 1559 modi
622 1496 825 1578 querelarum
852 1495 886 1559 in
916 1496 1061 1560 moribus
1090 1500 1141 1560 est

135 1587 240 1670 culpa,
262 1606 328 1648 non
350 1584 384 1647 in
407 1604 444 1647 ae
445 1586 522 1647 t.ate
566 1581 726 1647 Moderati
748 1583 835 1647 enim
858 1587 890 1647 et
913 1605 972 1648 neo
990 1583 1139 1648 difficiles

134 1695 193 1738 nee
222 1671 392 1736 inhumani
429 1692 519 1734 senes
551 1671 756 1735 tolerabilem
793 1692 886 1735 senec
887 1675 991 1735 tutem
1027 1675 1140 1756 agunt,

134 1760 353 1845 inportunitas
381 1762 489 1823 autem
516 1761 549 1821 et
535 1757 759 1822 tinhumanit
745 1762 796 1822 tas
824 1759 913 1823 omni
940 1758 1041 1823 aetati
1072 1781 1140 1824 mo-

135 1849 199 1912 lest
185 1852 220 1912 ta
241 1850 299 1910 ost.

100 1951 117 2000 8
201 1935 345 1998 1111111.
380 1931 455 2014 Ε11,
428 1934 514 1996 tut
537 1931 629 2015 diois,
657 1930 718 1996 Cat
704 1936 752 2016 to;
776 1934 832 1997 sed
853 1933 993 1999 fortasse
1022 1934 1140 1999 dixerit

136 2022 296 2105 quispiam
328 2019 390 2083 tibi
420 2021 553 2103 propter
586 2040 663 2103 opes
692 2023 724 2084 11
751 2021 861 2105 copias
885 2026 917 2085 et
945 2021 1086 2107 dignitat
1088 2045 1139 2088 em

134 2112 225 2173 tuam
248 2106 504 2171 tolerabiliorem
526 2110 724 2172 senectutem
746 2109 862 2192 videri,
885 2108 918 2172 id
941 2113 1049 2174 autern
1072 2132 1140 2176 non

135 2217 231 2281 posse
254 2195 347 2259 mult'
323 2198 366 2258 trs
390 2195 585 2280 contingere

201 2282 288 2349 Caro.
324 2282 386 2346 Est
408 2281 495 2346 istud
515 2282 652 2365 quidem,
670 2282 770 2366 Laeli,
794 2283 924 2368 aliquid,
944 2284 1000 2347 sed
1017 2305 1141 2368 nequa·

135 2393 233 2455 quam
255 2371 290 2434 in
307 2369 371 2435 isto
387 2373 462 2434 sunt
476 2370 592 2434 omnia.
619 2369 666 2434 Ut
675 2370 909 2436 Themistocles
931 2370 1036 2435 fertur
1055 2370 1142 2437 Seri-

88 2490 91 2496 ·
134 2459 212 2545 phio
236 2459 363 2524 cuidam
385 2458 420 2522 in
445 2457 551 2543 iurgio
579 2458 796 2543 respondisse,
828 2480 901 2523 oum
923 2459 978 2523 ille
1006 2459 1141 2525 dixisset

134 2569 199 2612 non
214 2570 288 2611 eum
302 2569 369 2630 sua,
392 2545 448 2610 sed
461 2546 587 2630 patriae
602 2546 708 2631 gloria
723 2546 927 2630 splendorem
939 2546 1140 2612 adsecutum:

135 2634 223 2700 ‘Neo
249 2632 434 2716 hercule',
460 2634 579 2717 inquit,
611 2633 655 2697 ‘si
678 2655 749 2719 ego
778 2632 979 2719 Seriphius
1010 2656 1143 2718 essem,

135 2744 203 2786 nec
240 2727 283 2786 tu
319 2722 351 2785 si
384 2720 654 2805 Atheniensis,
686 2722 814 2786 clarus
841 2744 1017 2805 umquam
1045 2721 1142 2786 fuis-

136 2809 216 2874 ses?
266 2809 359 2885 Quod
391 2808 503 2873 eodem
534 2807 629 2873 modo
667 2809 705 2873 de
734 2813 898 2873 senectute
927 2809 990 2873 dici
1022 2813 1142 2894 potest.

135 2895 203 2961 Nec
227 2897 371 2961 enimin
395 2918 520 2960 summa
537 2896 648 2981 inopia
666 2895 746 2961 levis
766 2918 836 2961 esse
859 2900 1007 2962 senectus
1031 2901 1142 2983 potest

136 3004 176 3046 ne
204 2984 343 3067 sapienti
371 2983 498 3066 quidem
533 3004 592 3047 neo
624 2984 791 3069 insipienti
823 2984 923 3049 etiam
951 2985 986 3049 in
1014 3007 1143 3050 summa

101 3070 686 3240 911,1111111111
704 3071 1145 3244 {ttttttqttttt

135 3249 215 3328 tum,
238 3245 377 3328 quaein
400 3246 487 3309 omni
511 3249 617 3310 aetate
635 3246 751 3331 cultae,
774 3269 847 3312 oum
866 3248 920 3312 diu
939 3249 1143 3332 multumque

71 3399 73 3402 .
135 3333 263 3416 vixeris,
283 3332 435 3397 mirificos
451 3333 594 3399 ecferunt
607 3334 741 3418 fruetus,
759 3357 825 3400 non
839 3337 946 3400 solnm
961 3336 1038 3420 quia
1051 3358 1144 3401 nurn-

136 3443 233 3504 quam
257 3421 408 3486 deserunt
443 3443 483 3486 ne
511 3426 654 3487 extremo
687 3422 816 3505 quidem
847 3426 995 3508 tempore
1024 3425 1143 3489 aetatis

133 3506 149 3594 ί
150 3531 346 3595 quamquam
374 3509 406 3574 id
435 3509 562 3595 quidem
589 3509 766 3574 maximnm
789 3507 869 3597 est),
901 3533 1013 3577 verum
1041 3512 1144 3578 etiam

411 3720 446 3811 ‚ll
