2476 3848
458 603 624 682 ditantes
651 603 762 703 itud.

266 788 315 842 De
337 787 479 856 reliquis
501 788 605 842 animi
626 787 947 856 perturbationibus.

468 909 516 982 17,
536 907 675 984 38-20,
694 909 744 968 46.

169 1020 217 1095 sn
230 1026 292 1088 tem
305 1026 458 1105 fulgentes
467 1024 626 1104 titianttte
640 1025 712 1090 mitt
727 1027 771 1090 se
780 1027 867 1107 ssette
881 1030 932 1093 tes
943 1029 1112 1108 tlrtitotelcs

103 1111 247 1192 bettmptt,
267 1113 316 1176 tec
334 1111 379 1177 tie
391 1112 615 1193 ssettcntctotten
633 1113 681 1177 ais
700 1114 875 1194 sauctitas
893 1116 1061 1197 Urtprunps
1079 1119 1112 1182 ts

103 1198 201 1280 &ctus
219 1200 306 1279 natm
325 1200 384 1264 ont
398 1199 434 1279 fic
452 1199 524 1280 ottpt
542 1201 862 1282 superarcanum
877 1205 1001 1284 percssit
1016 1204 1112 1283 tritior

102 1287 197 1352 motta
220 1285 253 1367 (t.
273 1286 349 1353 sint.
370 1287 436 1369 51).

169 1477 326 1554 Quocirca
347 1478 456 1543 mollis
479 1482 512 1542 et
530 1481 683 1542 enervata
705 1481 851 1562 putanda
873 1484 923 1546 est
946 1481 1109 1564 Peripate·

101 1565 238 1631 ticorum
261 1568 345 1632 ratio
365 1570 398 1631 et
415 1566 529 1649 oratio,
552 1565 606 1648 qui
624 1567 807 1648 perturbari
830 1569 956 1633 animos
978 1590 1108 1647 necesse

101 1652 212 1719 dicunt
230 1675 309 1738 esse,
327 1655 383 1720 sed
402 1653 557 1718 adhibent
574 1653 704 1717 modum
724 1655 892 1738 quendam,
910 1677 1007 1739 quem
1022 1658 1109 1721 ultra

100 1743 251 1827 progredi
273 1764 340 1808 non
364 1745 521 1826 oporteat.
565 1740 698 1806 Modum
720 1745 758 1807 tu
785 1741 917 1807 adhibes
939 1743 1041 1808 vitio?
1065 1767 1106 1810 an
1125 1763 1159 1812 ss

102 1829 215 1894 vitium
234 1832 358 1895 nullum
378 1834 428 1895 est
445 1851 509 1894 non
527 1849 639 1913 parere
652 1829 792 1895 rationi?
829 1852 871 1894 an
888 1831 974 1895 ratio
992 1853 1104 1914 parum

101 1918 258 2001 praecipit
294 1940 352 1985 neo
388 1919 510 1983 bonum
542 1917 623 1982 illud
659 1939 746 2000 esse,
781 1918 867 2001 quod
904 1923 961 1983 aut
995 1921 1106 2004 cupias

101 2005 249 2069 ardenter
272 2011 329 2070 aut
352 2006 487 2090 adeptus
511 2006 632 2072 ecferas
655 2009 688 2070 te
711 2005 898 2090 insolenter,
927 2028 986 2073 nec
1010 2029 1106 2091 porro

100 2093 234 2176 malum,
262 2114 325 2176 quo
349 2098 406 2158 aut
427 2115 601 2178 oppressus
623 2095 730 2159 iaceas
757 2099 826 2176 aut,
852 2116 892 2159 ne
915 2096 1106 2179 opprimere,

100 2186 206 2245 mente
230 2181 283 2244 vix
301 2180 453 2244 constes?
476 2202 577 2265 eaque
596 2183 704 2246 omnia
722 2185 779 2246 aut
800 2182 897 2246 nimis
920 2183 1029 2247 tristia
1048 2189 1105 2248 aut

99 2269 196 2332 nimis
219 2268 305 2330 laeta
332 2288 439 2332 errore
467 2268 550 2350 fieri,
579 2269 634 2351 qui
662 2290 751 2334 error
778 2270 888 2332 stultis
916 2274 1106 2335 extenuetur

99 2355 159 2438 die,
181 2360 230 2435 ut,
260 2375 332 2417 cum
356 2375 407 2418 res
430 2354 540 2418 eadem
564 2358 706 2440 maneat,
734 2355 827 2419 aliter
853 2354 961 2418 ferant
983 2357 1103 2420 invete-

99 2448 185 2523 rata,
218 2441 313 2505 aliter
343 2441 501 2524 recentia,
537 2441 693 2525 sapientis
725 2463 766 2506 ne
798 2441 941 2525 attingat
975 2441 1103 2524 quidem

99 2529 252 2595 omnino?
274 2529 404 2593 Etenim
428 2529 499 2613 quis
523 2528 585 2593 erit
607 2528 737 2594 tandem
761 2528 875 2592 modus
898 2526 980 2591 iste?
1008 2549 1102 2611 quae·
1122 2529 1157 2579 40

98 2640 208 2683 ramus
232 2616 318 2682 enim
336 2617 467 2682 modum
486 2616 707 2702 aegritudinis,
730 2617 764 2681 in
786 2637 850 2699 qus
868 2636 983 2700 operae
1005 2616 1104 2699 pluri·

100 2728 187 2770 mum
214 2706 352 2788 ponitur.
397 2706 505 2790 Aegre
533 2704 647 2769 tulisse
670 2705 704 2769 P.
727 2702 893 2787 Rupilium
920 2703 1033 2768 fratris
1055 2727 1104 2769 re·

99 2795 225 2875 pulsam
249 2794 438 2859 consulatus
466 2792 620 2877 scriptum
648 2793 733 2878 apud
756 2790 915 2857 Fannium
939 2795 998 2857 est.
1042 2791 1104 2858 sed

98 2886 208 2944 tamen
234 2882 390 2946 transisse
417 2882 543 2948 videtur
565 2879 710 2965 modum,
737 2880 856 2965 quippe
884 2880 940 2964 qui
968 2880 1104 2946 obeam

98 2990 228 3032 causam
243 2969 344 3033 avita
362 2970 542 3054 recesserit,
561 2969 756 3034 moderatius
774 2967 876 3053 igitur
888 2969 972 3032 ferre
986 2969 1105 3034 debuit.

98 3055 191 3141 Quid,
214 3057 250 3138 si,
273 3078 346 3122 cum
368 3056 402 3123 id
423 3059 521 3121 ferret
538 3056 672 3134 modice,
695 3078 783 3122 mors
806 3057 982 3122 liberorum
1002 3079 1105 3123 acces·

98 3145 216 3210 sisset?
261 3143 350 3210 Nata
377 3148 462 3209 esset
489 3144 655 3227 aegritudo
683 3166 781 3229 nova,
814 3146 869 3210 sed
897 3168 936 3212 ea
965 3146 1069 3212 modic

97 3253 216 3317 magna
243 3237 353 3297 tamen
383 3233 470 3296 facta
501 3237 587 3297 esset
613 3234 763 3299 accessio.
809 3233 906 3320 Quid,
934 3235 963 3300 si
990 3235 1063 3303 dein

96 3321 222 3389 dolores
246 3341 360 3404 graves
384 3319 541 3403 emporia,
568 3321 596 3384 si
622 3321 782 3387 bonorum
810 3323 955 3407 amissio,
982 3154 1168 3544 sir!

96 3408 189 3490 citas,
226 3409 254 3472 si
290 3407 442 3473 exilium?
493 3405 527 3472 si
560 3429 619 3492 pro
656 3409 792 3496 singulis
831 3413 925 3477 malis
962 3433 999 3476 ae
1041 3410 1066 3497 ἰ
