2476 3848
530 207 681 274 -386
730 243 767 255 -

151 387 255 451 amus;
279 368 457 430 sinautem
480 365 563 429 nihil
586 365 835 449 denuntiabitur,
858 385 895 430 eo
918 368 1028 430 tamen
1051 365 1157 430 simus

151 453 274 539 animo,
295 456 332 517 ut
352 453 540 519 horribilem
562 453 653 517 illum
676 452 759 517 diem
783 452 867 534 aliis,
890 453 984 518 nobis
1007 451 1155 518 faustum

149 545 298 628 putemus
325 541 470 624 nihilque
496 541 532 605 in
559 541 651 605 malis
678 539 844 623 ducamus,
875 541 957 623 quod
987 540 1031 604 sit
1057 541 1110 605 vel
1134 564 1156 606 a

149 629 199 693 dis
226 629 450 694 inmortalibus
477 628 529 694 vel
557 649 577 693 a
602 633 719 693 natura
746 631 878 714 parente
905 629 1048 693 omnium
1076 649 1156 693 con-

149 717 309 781 stitutum.
345 714 420 780 Non
440 717 525 780 enim
544 720 663 781 temere
681 736 739 780 nec
757 715 891 781 fortuito
915 716 979 780 sati
1001 719 1034 780 et
1051 718 1156 781 creati

150 825 275 886 sumus,
306 803 362 867 sed
394 804 537 888 profecto
565 803 627 867 fuit
657 803 811 888 quaedam
838 804 902 889 vis,
933 824 1014 886 quae
1040 807 1155 888 generi

150 893 331 957 consuleret
358 891 496 955 humano
524 912 584 956 nec
605 891 639 955 id
665 891 813 976 gigneret
839 894 895 957 aut
927 893 1039 977 aleret,
1066 894 1156 976 quod

150 1000 221 1044 cum
254 979 485 1043 exanclavisset
516 1000 628 1043 omnes
659 979 800 1061 labores,
831 981 899 1043 tum
932 979 1087 1044 incideret
1118 981 1155 1045 in

151 1067 263 1132 mortis
287 1067 409 1130 malum
435 1066 679 1152 sempiternum3
706 1069 835 1150 portum
863 1066 971 1151 potius
1001 1072 1154 1150 paratum

94 1175 109 1220 .1
118 1173 148 1222 lo
167 1154 261 1217 nobis
280 1156 313 1218 et
331 1154 514 1240 perfugium
532 1158 690 1239 putemus.
723 1153 792 1230 Quo
806 1155 932 1219 utinam
950 1154 1030 1219 velis
1045 1157 1153 1239 passis

150 1241 281 1325 pervehi
303 1242 412 1307 liceat!
446 1241 503 1307 sin
521 1242 710 1306 reflantibus
728 1243 831 1306 ventis
850 1241 1027 1327 reiciemur,
1042 1247 1154 1309 tamen

151 1329 263 1394 eodem
295 1330 391 1413 paulo
423 1330 545 1395 tardius
583 1329 758 1394 referamur
788 1350 915 1394 necesse
947 1334 1006 1395 est.
1060 1329 1153 1408 Quod

150 1420 258 1482 autem
287 1418 435 1482 omnibus
462 1439 592 1484 neeesse
620 1420 681 1496 est,
712 1417 786 1481 idne
817 1418 970 1482 miserum
998 1440 1067 1484 esse
1094 1421 1152 1484 uni

78 1514 88 1540 ⁸
149 1505 280 1590 potest?
316 1505 426 1570 Habes
449 1506 625 1592 epilogum,
646 1527 686 1569 ne
710 1505 786 1589 quid
808 1506 1071 1589 praetermissum
1094 1513 1153 1572 aut

149 1594 295 1658 relictum
318 1597 420 1678 putes.

215 1682 256 1746 A.
279 1680 351 1765 Ego
374 1703 458 1762 vero,
481 1686 514 1745 et
537 1680 663 1764 quidem
692 1680 770 1746 fecit
797 1681 895 1746 etiam
923 1682 985 1746 iste
1011 1703 1061 1746 me
1082 1680 1147 1762 epi·

151 1771 244 1854 logos
266 1769 448 1833 firmiorem.

216 1856 264 1920 Μ.
287 1855 425 1940 Optime,
447 1857 586 1939 inquam.
633 1854 695 1920 Sed
717 1877 801 1919 nunc
820 1855 949 1939 quidem
973 1853 1147 1921 valetudini

149 1945 328 2009 tribuamus
352 1944 482 2028 aliquid,
503 1965 573 2006 crae
596 1947 712 2024 autem,
735 1946 767 2008 et
786 1947 865 2026 quot
889 1943 956 2008 dies
979 1943 1095 2008 erimus
1113 1943 1149 2005 in

150 2031 339 2115 Tusculano,
362 2052 494 2115 agamus
517 2030 596 2094 haec
619 2033 651 2094 et
673 2052 710 2096 ea
728 2032 941 2114 potissimum,
962 2052 1042 2117 quae
1064 2031 1148 2094 leva-

149 2120 271 2184 tionem
285 2119 427 2183 habeant
441 2117 687 2203 aegritudinum,
698 2118 913 2201 formidinum,
928 2118 1152 2203 cupiditatum,

151 2207 204 2290 qui
228 2208 314 2271 omni
337 2227 352 2270 e
374 2205 578 2291 philosophia
601 2210 650 2270 est
672 2206 794 2271 fructus
817 2206 1009 2271 uberrimus.
