2476 3848
470 178 710 245 ⁴505-

88 356 155 400 non
177 332 346 400 audebitis.
390 331 467 400 Non
490 333 576 399 enim
597 334 722 419 ignoro,
748 333 861 416 quanti
884 333 951 398 eius
973 349 1092 398 nomen

89 426 221 575 pnledtdd·
244 510 297 575 hic
322 510 451 594 quidem
472 508 562 576 loeus
585 507 731 575 concludi
752 508 819 572 iarn
841 511 960 593 potest.
1004 471 1144 597 Nemi}

91 599 119 663 si
142 598 285 662 stultitia
302 618 459 663 consensu
477 597 619 663 omnium
636 596 905 682 philosophorum
924 596 1027 661 maius
1043 601 1092 661 est

43 690 45 693 ’
91 686 228 769 malum,
255 706 352 769 quam
374 685 404 750 si
426 685 535 751 omnia
555 686 643 751 mala
666 688 699 750 et
720 684 870 749 fortunae
893 688 927 749 et
948 685 1092 768 eorporis

91 795 130 838 ex
152 775 256 838 altera
277 777 370 858 parte
392 777 564 858 ponantur,
587 772 780 858 sapientiam
799 775 908 837 autem
925 794 1020 836 nemo
1040 772 1093 837 ad-

92 862 248 945 sequitur,
275 861 311 924 in
333 861 468 926 summis
491 861 586 962 malis
609 879 721 961 omnes
743 881 867 961 sumus,
885 860 1011 962 ‚quibus
1033 881 1092 925 vos

91 946 472 1120 tltmttsstffttt
490 948 787 1119 tetulit?
804 947 1093 1121 illidet?

93 1125 168 1208 lere,
193 1125 327 1189 aionon
348 1123 518 1208 intellego,
541 1123 618 1208 quid
640 1124 778 1208 intersit,
800 1126 910 1189 utrum
932 1144 1027 1189 nemo
1050 1124 1094 1188 sit

92 1212 237 1297 sapiens,
259 1232 302 1276 en
323 1231 418 1275 nemo
441 1231 512 1275 esse
534 1211 647 1295 possit.
692 1209 741 1275 Ao
762 1231 822 1275 nos
846 1212 974 1296 quidem
996 1212 1093 1277 nimis

92 1301 197 1366 multa
223 1299 262 1364 de
288 1320 323 1363 re
351 1299 575 1382 apertiesuma.
620 1297 754 1362 Telamo
782 1302 890 1363 autem
912 1320 976 1363 uno
999 1320 1094 1363 versu

92 1389 200 1453 locum
221 1390 327 1451 totum
350 1386 487 1472 conficit,
510 1406 566 1452 cur
589 1385 621 1450 di
643 1384 790 1452 homines
811 1386 1002 1472 neglegente

159 1505 253 1573 Nam
276 1508 309 1572 si
331 1511 478 1593 curent,
505 1506 600 1574 bene
622 1507 735 1574 bonis
759 1507 824 1591 sit,
847 1509 944 1572 male
966 1507 1095 1592 malis;

672 1592 771 1679 quod
792 1599 891 1659 nrino
915 1596 1032 1660 abest.

93 1735 265 1802 Debebant
291 1734 342 1800 illi
365 1733 494 1820 quidem
517 1735 621 1800 omnis
645 1736 747 1801 bonos
770 1733 909 1819 efficere,
936 1735 1094 1817 siquidem

92 1824 262 1889 hominnm
294 1824 404 1910 generi
435 1824 654 1890 consulebant.
699 1821 756 1887 Sin
787 1823 820 1887 id
848 1823 969 1907 minus,
1000 1823 1093 1888 bonis
1112 1834 1147 1885 80

94 1913 224 1997 quidem
246 1916 332 1977 certe
355 1913 521 1978 consulere
545 1911 713 1976 debebant.
749 1909 842 1976 (luri
869 1911 934 1976 ‘tur
952 1911 1014 1976 duo
1031 1909 1095 1976 Sci-

93 2001 216 2084 piones,
236 2000 433 2064 fortissimos
456 2004 489 2064 et
512 1999 652 2083 optimos
674 1999 772 2082 viros,
793 1999 828 2063 in
845 1932 1005 2085 {ispania
1017 1998 1095 2063 Poe-

93 2109 155 2152 nus
174 2087 358 2172 oppressit?
376 2108 433 2153 cur
445 2085 605 2152 Maximus
623 2087 741 2151 extulit
753 2087 858 2152 filium
872 2087 1095 2152 consularem?

94 2196 151 2239 cur
173 2175 362 2239 Marcellum
384 2173 550 2239 Hannibal
572 2174 759 2240 interemit?
782 2198 838 2240 eur
859 2174 997 2241 Paulum
1015 2173 1095 2240 (lan-

93 2284 153 2326 nae
177 2258 400 2327 sustulerunt?
423 2282 478 2326 cur
491 2261 674 2328 Poenorum
696 2263 880 2328 crudelitati
892 2261 1011 2350 Reguli
1028 2285 1096 2328 cor-

93 2371 155 2435 pus
179 2353 228 2413 est
250 2349 456 2434 praebitum?
479 2370 536 2414 cur
554 2348 743 2415 Africanum
766 2348 934 2415 domestici
955 2351 1095 2435 parietes

38 2450 41 2456 ’
93 2459 161 2502 non
181 2436 351 2502 texerunt?
384 2434 446 2502 Sed
468 2437 548 2502 haee
564 2440 676 2503 vetera
693 2442 726 2503 et
745 2437 809 2502 alia
826 2439 1001 2523 permulta3
1023 2459 1096 2522 pro-

94 2525 188 2610 piora
209 2525 383 2591 videamus.
424 2523 489 2590 Our
511 2526 687 2591 avunculus
710 2546 810 2609 meus,
832 2525 882 2590 vir
904 2525 1096 2590 innocentis-

96 2635 206 2679 sumus
224 2613 371 2697 idemque
390 2613 613 2696 doctissumus,
635 2613 671 2677 P.
684 2610 835 2698 Rutilius,
857 2613 893 2678 in
910 2613 1006 2679 exilio
1025 2615 1096 2679 est?

97 2723 153 2766 cur
176 2701 296 2766 sodalis
319 2722 409 2766 meus
431 2700 619 2766 interfectus
643 2701 730 2766 domi
753 2721 842 2786 suae,
864 2699 1013 2766 Drusus?
1041 2723 1097 2767 cur

96 2789 331 2873 temperantiae
347 2788 599 2874 prudentiaeque
617 2790 778 2874 specimen
796 2793 871 2854 ante
889 2790 1096 2855 simulacrum

95 2875 216 2940 Vestae
238 2873 385 2961 pontifex
407 2876 566 2940 maximus
590 2880 640 2940 est
663 2876 699 2952 Q.
718 2875 872 2942 Scaevola
894 2876 1096 2942 trucidatus?

96 2985 153 3028 cur
180 2967 255 3028 ante
283 2963 380 3027 etiam
407 2967 459 3028 tot
484 2963 626 3028 civitatis
649 2964 809 3049 principes
833 2985 853 3028 a
875 2962 978 3029 Oinna
1000 2965 1096 3028 inter·

97 3051 219 3135 empti?
242 3070 298 3116 cur
317 3051 459 3115 omnium
477 3051 769 3136 perfidiosissimus,
790 3049 825 3116 0.
839 3049 970 3135 Marius,
988 3051 1024 3127 Q.
1039 3049 1097 3116 Oa-

95 3139 214 3223 tulum,
245 3139 537 3222 praestantissuma
560 3139 718 3225 dignitate
739 3139 859 3223 virum,
884 3139 968 3204 mori
990 3140 1098 3225 potuit

95 3226 227 3291 iubere?
270 3225 348 3290 Dies
372 3227 508 3311 deficiat,
532 3227 560 3290 si
581 3226 680 3291 velim
702 3247 880 3311 numerare,
903 3228 1019 3311 quibus
1042 3228 1096 3292 bo·
1115 3237 1166 3303 81Ι

95 3314 147 3379 nis
164 3315 251 3379 male
267 3314 419 3400 evenerit,
440 3336 499 3379 nec
517 3314 632 3398 minus,
655 3315 684 3378 si
701 3335 957 3398 commemorem,
981 3315 1097 3400 quibus

96 3400 253 3488 improbis
276 3402 406 3487 optime.
443 3400 508 3467 Cur
531 3402 617 3467 enim
637 3401 760 3467 Marius
783 3406 853 3467 tam
874 3402 1010 3468 feliciter
1029 3425 1099 3487 sep·
1137 3452 1142 3461 .

97 3490 214 3555 timum
237 3490 349 3556 consul
373 3488 460 3556 domi
483 3509 560 3555 suae
583 3511 679 3555 senex
697 3495 748 3555 est
765 3491 936 3556 mortuus?
959 3513 1015 3556 cur
1033 3511 1099 3555 om·
