2476 3848
539 178 779 244 -290-

156 351 230 414 istis
259 347 387 432 quidem
413 348 493 431 ipsis
516 346 740 430 voluptatibus
769 368 877 412 carere
900 368 996 411 sensu
1019 351 1172 413 senectu-

157 442 233 501 tem.
282 435 335 500 Me
362 456 438 500 vero
467 438 499 500 et
527 434 719 520 magisteria
745 434 906 499 delectant
933 457 952 499 a
984 434 1171 502 maioribus

157 525 308 590 instituta
336 527 368 587 et
395 522 423 586 is
452 544 570 605 sermo,
604 522 660 605 qui
686 544 775 586 more
802 522 961 587 maiorum
989 545 1009 587 a
1037 543 1169 591 summo

158 613 329 678 adhibetur
360 611 395 674 in
425 611 556 694 pocu10,
588 613 622 674 et
649 611 778 694 pocula,
810 609 893 674 sicut
924 610 958 673 in
991 607 1169 695 Symposio

156 699 382 783 Xenophontis
401 702 459 781 est,
481 698 607 761 minuta
626 700 723 782 atque
742 697 888 761 rorantia
905 700 938 761 et
956 697 1169 784 refrigeratio

158 791 282 852 aestate
310 790 343 851 et
370 785 512 851 vicissim
540 789 597 849 aut
625 786 675 850 sol
698 788 753 849 aut
775 785 861 869 ignis
884 784 1053 869 hibernus3
1082 809 1168 870 quae

159 876 287 976 quidem
310 875 440 938 etiam
431 896 466 937 ιιι
484 871 613 937 Sabinis
631 872 781 957 persequi
803 873 892 937 soleo
916 873 1167 958 conviviumque

157 963 335 1027 vicinorum
359 965 411 1026 cot
397 961 475 1025 tidie
498 961 657 1045 compleo,
685 959 770 1060 quod
797 960 838 1023 ad
865 960 1003 1024 multam
1025 966 1168 1048 noctem,

158 1072 254 1133 quam
278 1048 416 1112 maxime
439 1070 624 1132 possumus,
654 1047 745 1112 vario
773 1069 920 1112 sermone
946 1048 1166 1132 producimus

103 1154 138 1203 47
157 1139 204 1201 At
225 1158 292 1201 non
314 1140 364 1200 est
386 1137 536 1220 voluptat
537 1158 591 1200 um
615 1138 709 1199 tanta
736 1134 828 1218 quasi
850 1135 1033 1200 titillatio
1023 1158 1059 1200 m
1082 1139 1167 1203 seni-

157 1225 226 1288 bus.
268 1221 385 1307 Oredo,
413 1224 470 1288 sed
496 1246 536 1287 ne
560 1223 729 1287 desiderat
705 1227 751 1287 ιιο
775 1223 917 1306 quidem3
946 1223 1030 1287 nihil
1054 1229 1167 1292 autem

158 1316 207 1376 est
229 1312 417 1393 molestum,
445 1310 531 1395 quod
558 1332 624 1375 non
651 1310 819 1374 desideres.
864 1309 953 1375 Bene
977 1308 1166 1398 Sophocles,

157 1423 230 1466 cum
244 1422 283 1465 ex
302 1422 339 1464 eo
359 1399 488 1484 quidam
506 1399 572 1464 iam
592 1398 717 1463 adfecto
737 1401 843 1463 aetate
862 1403 1040 1482 quaereret,
1058 1405 1166 1466 utere-

157 1493 251 1552 turne
269 1488 364 1552 rebus
379 1488 530 1553 veneriis:
549 1486 613 1550 ‘Di
631 1485 820 1550 melioral'
838 1485 958 1570 inquit3
977 1486 1167 1553 ‘libenter

157 1598 246 1642 vero
270 1576 388 1640 istinc
412 1576 513 1640 sieut
533 1575 578 1639 ab
602 1573 753 1639 domino
778 1574 926 1658 agresti
949 1595 990 1638 ac
1011 1574 1165 1640 furioso

156 1662 334 1749 profugi'
363 1662 494 1746 Cupidis
510 1663 596 1727 enim
610 1684 717 1726 rerum
731 1661 847 1725 talium
861 1661 1007 1726 odiosum
1020 1661 1166 1727 fortasse

159 1752 326 1816 ettmoles
312 1756 382 1816 tum
401 1755 452 1815 est
470 1772 587 1834 carere,
606 1749 732 1814 satiatis
752 1771 828 1812 vero
848 1753 880 1813 et
903 1747 1061 1833 expletis
1051 1770 1166 1814 rueun-

158 1774 293 1903 diust
243 1843 293 1903 est
307 1859 414 1903 carere
429 1860 526 1921 quam
540 1837 613 1901 frui.
646 1835 848 1919 Quamquam
864 1858 930 1902 non
949 1835 1058 1901 caret
1049 1857 1077 1899 rs
1079 1839 1165 1922 ,qui

157 1949 223 1991 non
237 1926 409 2009 desiderat3
429 1947 506 2009 ergo
525 1925 587 1989 hoc
604 1946 670 1988 non
684 1924 864 1989 desiderare
879 1925 949 1989 dico
966 1945 1036 1989 esse
1053 1924 1166 1989 iucun-

71 2066 74 2071 .
103 2031 138 2078 48
158 2014 236 2078 dius.
269 2012 390 2086 Quodsi
407 2012 480 2075 istis
499 2012 579 2096 ipsis
597 2012 822 2095 voluptatibus
838 2012 925 2076 bona
939 2016 1029 2077 aetas
1042 2011 1166 2078 fruitur

157 2101 324 2182 libentius,
346 2099 487 2183 primum
509 2099 653 2183 parvulis
676 2100 796 2163 fruitur
817 2100 930 2184 rebus,
952 2103 990 2164 ut
1013 2100 1165 2186 diximus,

158 2187 269 2251 deinde
292 2187 346 2270 iis,
374 2187 490 2269 quibus
518 2191 665 2252 senectus
693 2187 822 2251 etiamsi
847 2209 914 2252 non
934 2188 1060 2252 abunde
1078 2189 1165 2272 poti-

157 2279 219 2355 tur,
241 2296 306 2338 ιιοιι
328 2275 459 2339 οιιιιιιιιο
483 2279 579 2340 caret.
623 2274 670 2340 Ut
693 2274 855 2360 Turpione
878 2274 1030 2340 Ambivio
1055 2276 1164 2361 magis

157 2363 347 2445 delectatur,
383 2363 438 2446 qui
469 2362 504 2426 in
535 2363 641 2447 prima
673 2385 770 2428 cavea
806 2366 946 2447 spectat,
983 2363 1165 2428 delectatur

157 2453 266 2515 tamen
289 2450 396 2533 etiam,
420 2451 475 2533 qui
497 2451 532 2514 in
553 2451 683 2534 ultima,
707 2450 753 2515 sic
775 2450 993 2516 adulescentia
1014 2452 1165 2535 volupta-

156 2542 206 2602 tes
228 2542 362 2623 propter
388 2538 517 2603 intuens
545 2539 651 2624 magis
677 2538 817 2603 fortasse
844 2538 999 2621 laetatur,
1027 2539 1083 2602 sed
1112 2538 1165 2603 de·

156 2626 295 2690 lectatur
322 2627 421 2691 etiam
449 2630 595 2691 senectus
622 2627 735 2710 procul
763 2647 817 2690 eas
846 2629 995 2709 spectans
1021 2628 1166 2711 tantum,

104 2727 137 2776 49
157 2718 314 2797 quantum
337 2719 389 2778 sat
412 2718 469 2778 est.
515 2714 561 2777 At
583 2714 642 2778 illa
665 2714 779 2796 quanti
801 2717 889 2796 sunt,
913 2714 1057 2778 animum
1079 2717 1165 2778 tam-

158 2824 255 2884 quam
278 2800 419 2866 emeritis
443 2801 787 2885 stipendiis-libidinis,
813 2801 1010 2884 ambitionis,
1033 2805 1165 2866 conten-

156 2889 265 2967 tionis,
286 2889 539 2973 inimicitiarum,
561 2889 774 2973 cupiditatum
797 2889 941 2953 omnium
964 2909 1072 2953 secum
1091 2911 1165 2954 esse

158 2996 336 3059 secumque,
350 2981 386 3040 ut
401 2978 526 3060 dicitur,
538 2977 659 3041 viveret
684 2974 807 3042 sivero
822 2976 922 3041 habet
936 2976 1068 3060 aliquod
1080 2979 1165 3041 tam·

158 3084 255 3144 quam
277 3064 433 3146 pabulum
457 3065 607 3129 studiit
574 3069 607 3128 at
609 3087 670 3148 que
689 3064 862 3148 doctrinae,
885 3064 968 3128 nihil
986 3068 1037 3128 est
1055 3064 1165 3130 otiosa

158 3153 321 3214 senectute
337 3152 515 3216 iucundius
546 3152 667 3234 †M0ri
680 3152 895 3216 videbamus
886 3174 921 3215 ιιι
938 3151 1045 3216 studio
1065 3151 1165 3216 dime-

156 3236 258 3300 tiendi
280 3260 382 3321 paene
405 3240 486 3303 caeli
508 3243 605 3324 atque
628 3238 792 3304 terraeG
815 3239 943 3323 Galum,
965 3239 1165 3305 familiarem

156 3328 214 3407 pat
216 3325 260 3388 ris
288 3326 348 3409 tui,
379 3323 500 3411 Scipi03
532 3327 681 3412 quotiens
708 3326 803 3392 illum
829 3328 886 3392 lux
912 3331 1011 3392 noctu
1038 3326 1166 3412 aliquid

157 3411 358 3477 describere
349 3435 540 3499 ingressum,
554 3415 703 3498 quotiens
716 3437 780 3480 nox
795 3415 966 3500 oppressit,
980 3437 1053 3480 cum
1066 3437 1166 3482 mane

92 3400 329 3633 accepisset!
362 3523 459 3586 quam
488 3503 670 3569 delectabat
697 3524 770 3569 eum
797 3502 992 3568 defectiones
1020 3503 1102 3568 solis
1130 3508 1169 3570 et
