2476 3848
475 163 715 229 -521-

89 323 244 387 miserum
279 326 343 407 eet,
379 323 421 388 ob
463 343 596 405 eamque
632 321 833 386 debilitatem
864 322 965 386 animi
1001 323 1097 387 multi
1144 386 1145 389 ,

89 413 253 495 parentes,
284 410 378 475 multi
406 410 540 493 amicos,
565 430 632 474 non
657 409 740 473 nulli
770 409 922 493 patriam,
953 409 1096 493 plerique

91 504 199 564 autem
223 519 257 562 se
279 498 368 581 ipsos
390 497 517 581 penitus
540 496 761 580 perdiderunt,
787 497 833 562 sic
855 498 1006 561 robustus
1030 497 1096 561 ani·

90 608 161 651 mus
185 589 218 650 et
240 586 382 650 excelsus
411 585 500 649 omni
527 587 576 649 est
603 585 686 649 liber
709 606 785 650 oure
807 589 840 648 et
865 604 998 668 angore,
1025 605 1097 650 cum

91 677 123 738 et
146 676 284 738 mortem
306 672 496 755 contemnit,
526 694 589 757 qua
612 673 666 756 qui
689 671 796 736 affecti
821 674 910 753 sunt,
932 673 968 737 in
986 671 1096 736 eadem

90 784 187 827 causa
213 765 302 844 sunt,
335 783 398 845 qua
427 763 501 824 ante
529 781 625 842 quam
651 760 735 842 nati,
767 762 799 824 et
826 759 867 823 ad
894 759 1020 824 dolores
1050 761 1097 823 ita

89 853 224 933 paratus
248 853 311 932 eet,
333 853 372 914 ut
396 847 578 912 meminerit
599 848 756 912 maximos
779 851 882 912 morte
904 847 1003 930 finiri,
1024 869 1095 930 par-

89 959 147 1002 vos
180 937 285 1001 multa
320 936 439 1001 habere
475 935 647 1000 intervalla
681 935 850 1019 requietis,
890 935 1097 1000 mediocrium

89 1046 149 1089 nos
173 1046 243 1090 esse
267 1024 427 1107 dominos,
450 1025 501 1106 ut,
524 1023 553 1088 si
573 1023 760 1088 tolerabiles
785 1023 863 1106 sint,
885 1023 1039 1100 feramus,
1068 1023 1097 1086 si

91 1113 211 1196 minus,
235 1112 340 1176 animo
361 1133 461 1195 aequo
481 1133 498 1175 e
520 1111 601 1194 vita,
625 1132 697 1174 cum
716 1131 754 1175 ea
770 1131 837 1175 non
854 1111 994 1194 placeat,
1016 1114 1097 1174 tam·

91 1222 187 1284 quam
214 1221 231 1264 e
258 1200 386 1265 theatro
415 1220 573 1263 exeamus.
621 1196 744 1273 Quibus
771 1197 868 1262 rebus
897 1198 1098 1282 intellegitur

89 1309 149 1352 neo
179 1288 388 1352 timiditatem
419 1287 644 1372 ignaviamque
675 1284 851 1367 vituperari
880 1306 938 1349 nec
969 1285 1096 1349 fortitu-

90 1374 198 1440 dinem
227 1375 483 1459 patientiamque
514 1373 641 1438 laudari
673 1394 731 1436 suo
760 1371 904 1455 nomine,
937 1371 993 1454 sed
1022 1372 1096 1435 illas

90 1463 181 1545 reici,
209 1463 284 1546 quia
312 1462 456 1527 dolorem
482 1462 626 1544 pariant,
653 1459 713 1524 has
737 1459 856 1543 optari,
886 1459 962 1543 quia
983 1459 1097 1541 volup-

91 1553 202 1615 tatem.

155 1636 288 1702 Iustitia
308 1639 426 1720 restat,
448 1638 485 1699 ut
508 1634 546 1699 de
569 1636 657 1700 omni
675 1635 795 1699 virtute
818 1635 861 1699 sit
883 1633 1017 1718 dictum3
1041 1633 1097 1698 sed
1109 1595 1150 1720 qq

91 1726 211 1790 similia
237 1725 304 1789 fere
331 1723 395 1788 dici
421 1725 566 1806 possunt.
612 1721 658 1788 Ut
681 1722 767 1787 enim
790 1721 993 1805 sapientiam,
1016 1724 1096 1785 tem-

91 1813 285 1896 perantiam,
322 1810 544 1875 fortitudinem
583 1810 751 1894 copulatas
790 1831 860 1875 esse
896 1809 989 1874 docui
1025 1829 1097 1872 oum

90 1900 266 1983 voluptate,
283 1903 321 1963 ut
339 1900 381 1963 ab
399 1921 437 1963 ea
454 1898 543 1962 nullo
562 1897 659 1963 modo
677 1918 736 1962 nec
755 1897 864 1962 divelli
881 1917 941 1962 neo
959 1896 1098 1961 distrahi

90 1989 230 2071 possint,
248 1988 294 2053 sic
313 1987 351 2050 de
369 1985 495 2051 iustitia
512 1985 716 2051 iudicandum
735 1989 798 2065 est,
817 2005 898 2068 quae
915 2006 982 2050 non
1000 1984 1096 2049 modo

90 2097 267 2159 numquam
289 2077 384 2140 nocet
407 2075 569 2158 cuiquam,
596 2073 653 2138 sed
681 2077 792 2138 contra
815 2094 941 2155 semper
963 2072 1099 2156 impertit

92 2163 213 2247 aliquid
244 2184 316 2226 oum
348 2184 406 2227 sua
436 2162 469 2226 vi
501 2164 597 2246 atqm
628 2165 760 2244 natura,
791 2160 878 2243 quod
908 2161 1099 2245 tranquillet

92 2251 229 2332 animos,
251 2253 322 2312 tum
345 2271 402 2332 spe
424 2248 507 2312 nihil
530 2270 639 2312 earum
664 2269 770 2312 rerum
793 2247 990 2331 defuturum,
1017 2269 1097 2331 quas

90 2341 206 2402 natura
228 2358 294 2401 non
317 2336 494 2419 depravata
515 2334 682 2401 desideret.
717 2336 763 2401 nt
784 2356 880 2419 quem
903 2335 944 2399 ad
966 2336 1097 2399 modum

92 2425 257 2488 temeritas
285 2426 318 2488 et
339 2422 438 2488 libido
463 2426 496 2486 et
517 2422 649 2506 ignavia
671 2444 797 2506 semper
824 2424 967 2488 animum
990 2443 1097 2486 excru-

92 2513 179 2577 ciant
207 2514 239 2574 et
266 2532 391 2594 semper
425 2509 602 2575 sollicitant
632 2510 899 2593 turbulentaeque
931 2512 1018 2592 sunt,
1050 2510 1098 2574 sio

91 2600 271 2682 improbitas
292 2601 321 2664 si
342 2599 432 2664 cuius
454 2598 490 2662 in
512 2600 621 2663 mente
643 2598 796 2676 consedit,
821 2597 883 2663 hoo
904 2597 990 2679 ipso,
1013 2597 1099 2680 quod

93 2687 196 2772 adest,
222 2686 410 2752 turbulenta
436 2688 499 2770 est3
534 2685 563 2749 si
589 2706 665 2751 vero
697 2686 811 2750 molita
842 2685 1007 2768 quippiam
1039 2689 1098 2768 est,

93 2776 240 2859 quamvis
267 2775 388 2840 occulte
415 2773 541 2855 fecerit,
568 2794 743 2856 numquam
771 2776 882 2836 tamen
903 2772 938 2835 id
961 2771 1099 2836 confidet

91 2862 161 2927 fore
184 2883 310 2945 semper
333 2861 501 2928 occultum.
545 2859 738 2943 Plerumque
763 2859 985 2943 improborum
1011 2860 1098 2924 faeta

91 2948 196 3032 primo
230 2948 369 3032 suspicio
400 2948 593 3032 insequitur,
628 2947 701 3011 dein
733 2968 837 3011 sermo
870 2950 967 3031 atque
1002 2946 1098 3031 fama,

90 3039 161 3100 tum
184 3038 364 3118 accusator,
387 3040 457 3099 tum
474 3034 584 3118 index3
607 3035 701 3098 multi
719 3035 830 3117 etiam,
852 3038 890 3099 ut
908 3038 942 3100 te
961 3037 1097 3114 consule,

91 3123 154 3206 ipsi
185 3144 219 3187 se
250 3123 480 3187 indicaverunt.
538 3121 659 3198 Quodsi
691 3122 747 3205 qui
777 3122 858 3187 satis
891 3123 954 3188 sibi
986 3127 1099 3190 contra
1117 3141 1148 3190 51

90 3210 257 3276 hominum
280 3210 508 3276 conscientiam
532 3209 636 3292 saepti
659 3231 728 3274 csse
749 3213 782 3274 et
799 3211 919 3276 muniti
941 3212 1097 3293 videntur,

92 3299 224 3363 deorum
259 3301 366 3362 tamen
404 3296 538 3362 horrent
575 3318 691 3381 easque
728 3297 817 3380 ipsas
854 3300 1097 3381 sollicitudines,

91 3386 207 3470 quibus
240 3406 351 3450 eorum
385 3385 486 3450 animi
518 3384 703 3469 ‘noctesque
738 3385 883 3471 diesque'
913 3387 1097 3467 exeduntur,

91 3473 184 3538 adis
207 3473 442 3538 immortalibus
471 3472 622 3556 supplicii
649 3494 745 3538 causa
772 3473 942 3556 importari
970 3436 1168 3628 putant,
