2476 3848
520 154 759 218 -456-

141 317 261 399 ipsum,
284 314 359 399 quia
381 313 474 379 dolor
497 315 552 392 sit,
575 334 701 398 semper
722 335 790 378 esse
812 311 1014 397 fugiendum3
1037 313 1156 399 itaque

142 404 202 468 hac
230 425 363 467 usurum
391 403 651 485 compensatione
684 401 875 484 sapientem,
907 406 944 465 ut
973 404 1007 465 et
1033 403 1155 487 volup·

141 496 243 557 tatem
264 491 384 574 fugiat,
408 490 435 554 si
459 511 496 554 ea
519 491 675 555 maiorem
698 490 840 554 dolorem
864 490 1017 554 effectura
1038 490 1095 574 sit,
1118 495 1157 556 et

142 580 286 645 dolorem
323 578 481 661 suscipiat
516 579 671 644 maiorem
709 577 901 641 efficientem
936 578 1154 664 voluptatem,

142 669 312 751 omniaque
334 665 486 749 iucunda,
508 688 701 751 quamquam
720 688 816 730 sensu
840 666 982 748 corporis
1005 666 1153 732 iudicen-

89 776 123 824 96
142 761 207 840 tur,
230 756 270 820 ad
293 755 437 819 animum
460 753 573 818 referri
595 758 712 819 tamen.
749 752 907 828 Quocirca
929 774 1045 836 corpus
1069 775 1153 840 gau·
1176 816 1180 822 .

142 844 215 909 dere
241 846 309 907 tam
337 843 405 924 diu,
437 841 513 906 dum
545 845 745 926 praesentem
774 843 907 907 sentiret
937 842 1153 928 voluptatem,

142 932 285 996 animum
308 935 341 994 et
362 933 562 1013 praesentem
586 930 748 1014 percipere
771 931 893 1013 pariter
916 951 989 994 oum
1011 952 1152 1015 corpore

142 1024 175 1084 et
196 1019 378 1102 prospicere
401 1016 583 1083 venientem
604 1040 663 1084 neo
685 1019 893 1102 praeteritam
920 1019 1152 1100 praeterfluere

143 1108 254 1172 sinere.
302 1105 355 1170 Ita
381 1110 552 1188 perpetuas
581 1112 614 1171 et
636 1111 800 1173 contextas
827 1105 1013 1188 voluptates
1040 1106 1078 1172 in
1101 1130 1152 1172 sa·

142 1196 248 1279 piente
270 1193 339 1259 fore
363 1215 501 1278 semper,
525 1217 596 1260 cum
616 1194 795 1279 expectatio
814 1197 1015 1278 speratarum
1032 1193 1151 1278 volup-

90 1288 246 1412 34tatum
268 1288 581 1433 cumhperoeptarum
604 1284 757 1385 memoria
779 1284 1007 1432 iungeretur.f

90 1427 123 1539 ⁹⁷
143 1373 394 1542 caditat}
407 1372 1152 1545 stltettdlttbtttbltttt‘jtbt
1192 1475 1196 1482 ·

142 1570 242 1631 parvo
261 1548 349 1612 cultu
366 1553 483 1613 natura
501 1553 652 1613 contenta
671 1548 723 1612 sit.
758 1547 888 1612 Etenim
907 1545 978 1629 quis
1001 1547 1065 1611 hoc
1082 1570 1150 1613 non

143 1637 244 1718 videt,
267 1634 431 1701 desideriis
456 1636 565 1703 omnia
587 1638 652 1701 ista
675 1636 819 1701 condiri?
869 1633 988 1698 Darius
1010 1634 1046 1698 in
1068 1635 1150 1720 fuga

143 1745 215 1788 cum
243 1745 360 1807 aquam
386 1725 550 1789 turbidam
578 1729 611 1789 et
637 1724 844 1788 cadaveribus
872 1721 1076 1806 inquinatam
1100 1724 1150 1788 bi·

143 1812 257 1894 bisset,
283 1811 415 1894 negauit
441 1834 593 1896 umquam
617 1834 650 1876 sa
679 1812 801 1876 bibisse
823 1810 1001 1875 iucundius.
1045 1809 1149 1876 Num·

144 1922 239 1985 quam
267 1898 415 1964 videlicet
446 1901 556 1964 sitiens
584 1899 720 1963 biberat.
768 1899 836 1964 Nec
863 1899 1006 1963 esuriens
1035 1898 1148 1965 Ptolo-

143 2009 252 2052 maeus
277 1986 399 2069 ederat;
426 1988 477 2051 cui
500 2009 572 2052 oum
598 1987 784 2072 peragranti
806 1987 992 2071 Aegyptum
1020 1987 1148 2052 comiti-

144 2076 203 2139 bus
227 2094 293 2137 non
315 2075 494 2138 consecutis
513 2075 651 2139 cibarius
674 2076 709 2138 in
728 2097 801 2140 casa
823 2075 916 2158 panis
940 2074 1033 2138 datus
1053 2078 1148 2156 esset,

143 2162 226 2226 nihil
249 2160 354 2224 visum
377 2166 426 2226 est
448 2163 505 2226 illo
528 2184 610 2245 pane
632 2163 808 2228 iucundius.
853 2160 1007 2227 Socraten
1029 2161 1148 2243 ferunt,

145 2271 216 2314 cnm
239 2269 339 2331 usque
362 2249 402 2314 ad
424 2271 593 2335 vesperum
611 2253 793 2316 contentius
820 2251 1000 2315 ambularet
1022 2252 1149 2335 quaesi·

50 2412 51 2416 Ἰ
144 2343 277 2423 tumque
300 2342 386 2402 esset
408 2359 447 2402 ex
469 2359 522 2421 eo,
543 2360 641 2422 quare
664 2340 697 2403 id
719 2340 851 2422 faceret,
876 2338 1081 2422 respondisse
1104 2361 1149 2420 se,

91 2454 125 2503 98
145 2448 206 2510 quo
221 2424 336 2490 melius
350 2430 487 2510 cenaret,
501 2427 657 2492 obsonare
673 2428 865 2492 ambulando
879 2427 1006 2492 famem.
1041 2426 1149 2503 Quid?

144 2516 265 2579 victum
283 2510 609 2580 Lacedaemoniorum
632 2515 667 2580 in
689 2515 828 2599 philitiis
849 2536 955 2580 nonne
978 2514 1149 2580 videmus?

144 2601 209 2667 Ubi
237 2624 309 2667 cum
336 2608 491 2686 tyrannus
524 2605 702 2667 cenavisset
727 2603 918 2687 Dionysius,
948 2603 1082 2688 negavit
1113 2623 1149 2666 se

143 2691 211 2755 iure
238 2690 297 2754 illo
323 2692 429 2776 nigro,
461 2691 546 2774 quod
575 2713 670 2755 cenae
703 2695 799 2774 caput
829 2696 912 2775 erat,
944 2690 1149 2756 delectatum.

144 2779 224 2844 Tum
247 2779 291 2861 is,
320 2780 374 2863 qui
400 2779 458 2842 illa
482 2783 623 2842 coxerat:
654 2778 823 2843 ‘Minime
845 2780 994 2861 mirum3
1017 2779 1148 2843 condi-

145 2870 270 2931 menta
293 2868 389 2931 enim
413 2865 637 2930 defuerunt?
689 2864 806 2943 ‘Quae
829 2865 1017 2931 tandem?
1039 2867 1150 2950 inquit

144 2955 208 3019 ille.
249 2952 389 3020 ‘Labor
410 2955 451 3018 in
473 2958 626 3036 venatu,
649 2953 775 3037 sudor,
799 2977 932 3020 cursus
956 2954 1002 3018 ad
1023 2953 1149 3020 Euro-

144 3046 233 3125 tam,
269 3042 402 3126 fames,
434 3042 532 3106 sitis.
585 3042 656 3106 His
688 3043 786 3106 enim
816 3043 930 3107 rebus
962 3041 1150 3108 Lacedae·

145 3129 355 3194 moniorum
375 3131 508 3213 epulae
528 3129 781 3195 condiuntur?
820 3130 927 3217 Atque
945 3130 1006 3196 hoc
1024 3151 1090 3195 non
1109 3152 1150 3203 ex

144 3217 311 3282 hominum
338 3239 427 3282 more
454 3219 571 3300 solum,
599 3218 775 3282 sedetiam
799 3240 837 3282 ex
865 3218 978 3284 bestiis
1000 3217 1151 3305 intellegi

144 3310 267 3388 potest,
291 3327 385 3390 quae,
407 3309 444 3369 ut
467 3305 616 3390 quioquid
636 3305 798 3371 obiectum
816 3310 879 3391 est,
902 3306 986 3391 quod
1008 3307 1104 3372 modo
1129 3329 1152 3372 a

145 3398 260 3459 natura
286 3413 353 3457 non
381 3392 424 3456 sit
453 3393 606 3477 alienum,
634 3414 672 3460 eo
701 3397 870 3459 contentae
896 3416 962 3459 non
989 3399 1153 3477 quaerunt

90 3497 124 3548 aa
145 3482 293 3566 amplius.
343 3477 497 3545 Civitates
526 3481 683 3564 quaedam
715 3481 883 3547 uniuersae
914 3503 1004 3547 more
1033 3481 1152 3550 doctae
