2476 3848
525 158 764 222 -360-

141 320 277 403 moveri,
305 319 390 403 quod
413 341 485 385 cum
509 319 619 401 sentit,
642 319 721 383 illud
744 340 809 384 una
832 319 945 390 sentit,
969 341 1002 383 se
1025 319 1055 383 ri
1080 341 1158 406 sua,-

142 431 207 473 non
231 408 336 473 aliena
363 409 498 490 moveri,
524 429 584 472 nec
611 408 754 472 accidere
780 428 892 492 posse,
919 412 955 472 ut
981 407 1051 490 ipse
1078 431 1149 473 um-

142 519 238 581 quam
271 519 290 561 a
322 517 356 560 se
387 496 561 560 deseratur.
616 495 667 559 Ex
697 517 761 580 quo
793 495 933 560 efficitur
964 496 1149 581 aeternitas,

141 585 206 649 nisi
229 585 305 668 quid
328 584 427 649 habes
451 585 491 648 ad
513 584 600 648 haec.

208 674 248 736 A.
275 672 347 756 Ego
366 694 442 736 vero
461 672 555 736 facile
575 693 646 736 sum
664 692 838 754 passusne
859 671 894 736 in
912 675 1054 735 mentem
1078 674 1148 757 qui·

142 759 214 824 dem
242 760 323 824 mihi
351 760 474 844 aliquid
501 763 615 824 contra
641 759 764 842 venire,
793 760 840 823 ita
869 759 925 823 isti
953 759 1046 824 faveo
1077 783 1149 826 sen-

141 849 271 912 tentiae.

87 912 132 1039 25⁶1
207 942 253 1000 M.
276 934 381 1010 Quid?
408 936 466 999 illa
492 936 623 999 tandem
650 957 728 999 num
758 935 882 999 leviora
908 956 1033 1019 censes,
1065 959 1149 1021 quae

92 992 108 1039 ⁶
142 1024 306 1089 declarant
327 1024 431 1086 inesse
454 1023 488 1086 in
511 1024 627 1087 animis
649 1023 817 1087 hominum
841 1023 950 1087 divina
968 1024 1149 1107 quaedam?

141 1134 222 1195 quae
259 1111 287 1174 si
318 1131 479 1175 cernerem
518 1131 613 1194 quem
644 1111 685 1175 ad
715 1111 846 1175 modum
877 1113 968 1176 nasci
1004 1119 1149 1199 possent,

142 1200 239 1263 etiam
272 1220 367 1283 quem
404 1199 444 1262 ad
479 1199 610 1263 modum
646 1199 816 1264 interirent
851 1200 1002 1263 viderem.
1060 1200 1149 1266 Nam

142 1287 344 1371 sanguinem,
379 1287 493 1370 bilem,
532 1287 698 1371 pituitam,
739 1309 827 1370 ossa,
867 1309 996 1371 nervos,
1038 1310 1149 1373 venas,

142 1397 268 1441 omnem
296 1374 433 1459 denique
461 1377 679 1440 membrorum
707 1379 740 1439 et
766 1376 867 1439 totius
891 1376 1035 1458 corporis
1065 1376 1148 1461 ligu-

141 1486 211 1528 ram
233 1464 345 1528 videor
366 1485 462 1547 posse
485 1463 602 1546 dicere,
624 1464 708 1528 uude
729 1466 878 1528 concreta
905 1467 938 1528 et
963 1485 1025 1547 quo
1049 1465 1147 1531 modo

141 1552 229 1616 facta
246 1551 325 1636 sint3
350 1551 493 1616 animum
511 1553 617 1635 ipsum
637 1588 692 1635 -,
716 1553 743 1615 si
760 1551 841 1615 nihil
860 1555 946 1616 esset
967 1552 1003 1616 in
1025 1553 1148 1618 conisi

141 1640 188 1724 id,
215 1643 251 1704 ut
278 1661 336 1724 per
363 1662 437 1704 eum
464 1640 657 1723 viveremus,
685 1643 753 1703 tam
775 1643 892 1702 natura
916 1643 1066 1723 putarem
1088 1641 1147 1706 ho·

141 1728 239 1792 minis
270 1728 371 1792 vitam
403 1729 577 1792 sustentari
615 1750 712 1811 quam
748 1727 838 1810 vitis,
875 1749 970 1810 quam
1007 1728 1147 1814 arboris;

141 1816 221 1881 haec
249 1817 335 1880 enim
362 1816 461 1879 etiam
488 1816 624 1880 dicimus
651 1815 766 1879 vivere.
815 1814 898 1880 Item
927 1817 954 1879 si
980 1816 1063 1880 nihil
1091 1817 1148 1882 ha

142 1905 232 1968 beret
253 1904 380 1967 animus
407 1902 561 1985 hominis,
587 1902 652 1966 nisi
674 1906 711 1967 ut
741 1907 905 1986 appeteret
932 1909 988 1968 aut
1010 1904 1149 1988 fugeret,

87 2010 123 2058 57
142 1991 175 2055 id
207 2011 332 2075 quoque
365 1993 449 2053 esset
479 1991 509 2053 ei
545 2011 712 2055 commune
748 2012 820 2055 cum
855 1991 978 2056 bestiis.
1036 1991 1148 2058 Habet

142 2079 283 2162 primum
306 2078 508 2159 memoriam,
537 2082 569 2141 et
592 2100 663 2142 eam
686 2078 845 2143 infinitam
872 2101 979 2144 rerum
1002 2080 1148 2144 innume-

142 2165 307 2248 rabilium,
330 2186 427 2265 quam
445 2165 573 2249 quidem
590 2165 686 2230 Plato
704 2167 959 2232 recordationem
983 2189 1053 2232 esse
1075 2170 1149 2234 volt

142 2252 228 2316 vitae
256 2253 437 2352 superioria.
486 2253 609 2318 Nam
599 2275 634 2317 1n
661 2254 716 2318 illo
744 2254 843 2338 libro,
872 2256 928 2340 qui
959 2255 1150 2322 inscribitur

142 2341 275 2419 Menon,
304 2341 471 2423 pusionem
495 2342 654 2425 quendam
677 2340 825 2408 Socrates
847 2343 1028 2428 interrogat
1049 2365 1147 2446 quae·

142 2429 216 2494 dam
240 2427 434 2514 geometrica
461 2429 500 2494 de
522 2430 721 2495 dimensione
748 2432 905 2514 quadrati.
954 2431 1006 2495 Ad
1034 2453 1072 2496 ea
1100 2433 1148 2499 sic

141 2517 197 2582 ille
228 2517 416 2601 respondet,
446 2521 484 2581 ut
514 2540 606 2601 puer,
640 2521 808 2583 ettamen
834 2519 882 2583 ita
908 2519 1018 2583 faciles
1046 2520 1148 2587 inter-

141 2607 327 2690 rogationes
356 2609 442 2689 sunt,
469 2609 507 2669 ut
533 2607 694 2690 gradatim
716 2607 913 2690 respondens
937 2608 1048 2671 eodem
1075 2630 1148 2692 per·

142 2695 263 2775 veniat,
290 2715 351 2776 quo
380 2694 409 2758 si
435 2695 633 2777 geometrica
660 2693 834 2758 didicisset
883 2695 933 2760 Ex
966 2719 1028 2780 quo
1061 2696 1148 2763 effici

141 2782 211 2846 volt
234 2781 395 2863 Socrates,
418 2785 455 2845 ut
478 2782 599 2846 discere
619 2781 701 2846 nihil
724 2783 811 2846 aliud
831 2784 874 2847 sit
891 2784 957 2848 nisi
974 2784 1149 2852 recordari.

143 2869 245 2946 Quem
272 2870 378 2934 locum
405 2870 507 2933 multo
535 2870 633 2934 etiam
660 2872 838 2936 accuratius
870 2871 1012 2955 explicet
1042 2873 1079 2937 in
1108 2895 1148 2939 eo

143 2979 303 3036 sermone,
335 2978 429 3041 quem
462 2957 578 3022 habuit
605 2979 642 3023 eo
669 2959 741 3042 ipso
773 2958 838 3041 die,
870 2981 933 3043 quo
966 2960 1102 3024 excessit
1130 2983 1149 3027 e

142 3046 222 3127 vita;
251 3046 344 3109 docet
373 3046 459 3109 enim
488 3046 648 3129 quemuis,
676 3047 730 3130 qui
757 3047 899 3110 omnium
926 3069 1034 3111 rerum
1056 3049 1148 3113 rudis

143 3154 213 3196 esse
228 3133 334 3196 videat
320 3137 380 3214 tur,
399 3135 479 3198 bene
497 3135 709 3218 interroganti
723 3135 968 3217 respondentem
985 3136 1149 3202 declarare

143 3240 177 3284 se
195 3240 261 3283 non
279 3223 348 3283 tum
366 3221 425 3285 illa
443 3221 574 3305 discere,
593 3222 648 3287 sed
661 3222 894 3288 reminiscendo
908 3243 1146 3308 recognoscere

142 3326 202 3370 nec
219 3328 296 3372 vero
319 3307 388 3370 fieri
406 3307 475 3373 ullo
492 3310 588 3374 modo
611 3331 727 3411 posse,
742 3314 817 3375 uta
839 3313 948 3394 pueris
970 3317 1021 3377 tot
1038 3333 1148 3378 rerum

200 3415 239 3458 ue
260 3397 426 3459 tantarum
448 3396 563 3462 insitas
582 3401 615 3461 et
637 3398 729 3481 quasi
748 3399 985 3482 consignatas
975 3422 1010 3464 m
1028 3401 1148 3465 animis

69 3396 305 3631 withones,
332 3503 413 3568 quas
441 3481 536 3548 ἐννοί
521 3486 572 3560 ίας
600 3489 731 3567 vocant,
757 3486 963 3572 haberemus,
988 3488 1054 3552 nisi
1080 3489 1148 3553 ani·

89 3624 95 3631 .
117 3587 133 3632 c
