2476 3848
474 229 517 240 -
560 195 713 260 431-

91 359 161 418 tute
185 354 242 437 sit,
264 354 347 418 nihil
370 376 439 418 1111
462 354 526 418 1111
548 354 701 418 virtutem
723 353 853 418 bonum.
891 351 953 418 Sed
975 353 1093 418 Brutus

92 447 167 507 tuus
191 445 320 506 auctore
338 441 450 507 Aristo
475 444 508 506 et
525 440 686 506 Antiocho
704 462 771 506 non
789 442 888 506 sentit
903 441 978 525 hoc,
1001 445 1095 525 putat

92 531 192 613 enim,
216 530 344 594 etiamsi
367 531 410 594 sit
432 530 553 594 bonum
576 529 705 613 aliquod
726 530 1035 613 praetervirtutem.

158 623 203 683 M.
236 617 320 694 Quid
351 616 473 703 igitur?
506 623 617 682 eontra
648 617 826 682 Brutumne
855 638 905 681 me
934 617 1093 682 dicturum

91 705 209 790 putas?
273 771 274 774 ,

157 794 198 857 Α.
229 793 277 858 Tu
304 814 393 876 vero,
419 796 457 857 ut
483 793 623 876 videtur3
652 815 728 857 nam
755 794 924 877 praefinire
950 815 1016 858 non
1044 797 1094 858 111

91 904 206 946 meum.
678 913 681 918 ·

157 976 202 1033 M.
226 969 310 1046 Quid
330 969 443 1053 cuique
460 968 561 1052 igitur
580 972 830 1033 consentaneum
850 970 906 1053 sit,
930 969 992 1034 alio
1012 969 1092 1034 loeo.
1112 985 1144 1034 aa

92 1057 178 1123 Nam
200 1058 266 1122 ista
289 1057 370 1121 mihi
393 1060 425 1120 et
448 1077 520 1120 oum
538 1055 700 1122 Antiocho
720 1078 815 1140 saepe
838 1060 870 1121 et
893 1079 964 1122 cum
982 1058 1094 1122 Aristo

92 1168 207 1230 nuper,
234 1166 307 1210 cum
329 1144 466 1209 Athenis
494 1145 669 1226 imperator
696 1145 780 1228 apud
804 1167 875 1209 eum
904 1145 1095 1229 deversatur,

94 1233 250 1298 dissensio
280 1232 352 1298 fuit.
405 1231 488 1296 Mihi
520 1232 604 1296 enim
635 1253 700 1296 non
727 1232 896 1297 videbatur
926 1234 1095 1318 quisquam

94 1344 163 1386 esse
182 1323 295 1386 beatus
314 1341 423 1405 posse,
446 1340 518 1385 cum
536 1320 571 1383 in
589 1319 683 1383 malis
702 1323 799 1403 esset,
821 1322 856 1384 in
873 1320 967 1385 malis
986 1325 1094 1386 autem

95 1411 274 1492 sapientem
297 1430 367 1472 esse
389 1429 498 1491 posse,
521 1407 549 1471 si
572 1411 678 1471 essent
699 1407 766 1471 ulla
788 1408 929 1490 corporis
953 1408 1094 1473 111111-

93 1502 190 1563 tunae
221 1497 317 1562 mala.
371 1494 569 1560 Dicebantur
599 1494 691 1578 haee,
722 1517 803 1578 quae
835 1496 964 1578 scripsit
995 1496 1093 1560 etiam

93 1585 273 1651 Antiochus
313 1584 394 1648 locis
430 1583 593 1667 pluribus,
628 1583 781 1647 1111111111
822 1583 926 1666 ipsam
961 1605 1019 1667 per
1059 1605 1093 1648 se

92 1674 221 1739 beatam
238 1673 342 1737 vitam
361 1671 484 1736 efficere
503 1691 597 1755 posse
615 1691 716 1755 neque
733 1675 842 1735 tamen
859 1671 1092 1757 beatissimam3

91 1762 203 1826 deinde
223 1782 262 1825 ex
280 1760 400 1824 maiore
420 1763 511 1842 parte
530 1758 698 1843 plerasque
712 1781 763 1823 res
777 1759 946 1841 nominari,
964 1759 1093 1824 etiamsi

92 1872 172 1934 quae
198 1871 273 1932 pars
301 1849 441 1924 abesset,
467 1850 504 1910 ut
530 1847 629 1930 vires,
662 1850 698 1911 ut
724 1848 953 1931 valetudinem,
982 1851 1019 1911 ut
1047 1847 1092 1911 di-

90 1939 201 2021 vitias,
232 1940 270 2000 ut
301 1935 469 2019 honorem,
499 1938 536 1998 ut
567 1935 719 2019 gloriam,
754 1957 834 2019 quae
865 1956 993 2020 genere,
1028 1957 1093 2000 non

91 2046 223 2090 numero
252 2027 469 2107 cernerentur,
497 2023 576 2087 item
604 2023 732 2088 beatam
761 2024 873 2107 vitam,
901 2024 1029 2088 etiamsi
1055 2047 1093 2089 ex

92 2114 201 2196 aliqua
224 2115 316 2194 parte
340 2112 515 2192 clauderet,
538 2115 649 2175 tamen
672 2133 710 2176 ex
733 2112 835 2176 multo
858 2113 980 2177 maiore
1002 2117 1094 2197 parte

92 2200 239 2264 obtinere
261 2221 379 2264 nomen
402 2221 503 2264 suum.
552 2198 641 2266 Haec
662 2221 748 2265 nunc
770 2201 935 2265 enucleare
957 2222 1023 2265 non
1046 2202 1144 2265 11111

91 2309 221 2353 neeesse
245 2290 307 2369 est,
334 2309 527 2371 quamquam
550 2310 616 2353 non
638 2289 898 2353 constantissime
927 2288 991 2352 dici
1013 2289 1093 2352 mihi

92 2375 249 2440 videntur.
285 2374 370 2439 Nam
389 2377 434 2456 et,
456 2375 510 2458 qui
528 2376 641 2439 beatus
663 2378 724 2452 est,
746 2397 811 2440 non
834 2376 999 2460 intellego,
1017 2377 1093 2459 quid

91 2464 248 2547 requirat,
274 2467 311 2527 ut
338 2463 381 2527 sit
407 2463 532 2527 beatior
559 2460 601 2546 (si
629 2465 679 2526 est
700 2465 799 2545 enim,
828 2464 912 2546 quod
935 2462 1031 2545 desit,
1052 2485 1092 2527 ne

93 2553 207 2618 beatus
236 2552 364 2636 quidem
392 2549 466 2635 est),
494 2552 538 2632 et,
565 2548 650 2632 quod
673 2570 712 2613 ex
733 2551 854 2614 maiore
880 2553 972 2633 parte
995 2571 1092 2614 unam

91 2662 250 2724 quamque
268 2662 337 2704 rem
360 2637 515 2721 appellari
539 2637 738 2721 spectarique
762 2636 886 2718 dicunt,
910 2640 959 2700 est
981 2638 1037 2701 ubi
1060 2638 1092 2702 id

91 2730 154 2792 isto
178 2728 273 2793 modo
296 2728 418 2808 valeat,
441 2746 511 2789 cum
530 2746 605 2789 vero
625 2725 689 2789 tria
711 2746 829 2810 genera
847 2725 1004 2790 malorum
1023 2746 1092 2789 esse

93 2814 215 2897 dicant,
239 2815 293 2899 qui
316 2814 451 2878 duorum
474 2833 627 2895 generum
645 2813 741 2877 malis
760 2812 908 2877 omnibus
932 2816 1092 2898 urgeatur,

92 2904 129 2966 ut
148 2903 255 2966 omnia
273 2902 409 2966 advorsa
427 2902 493 2965 sint
514 2901 548 2964 in
570 2901 713 2985 fortuna,
736 2900 884 2965 omnibus
903 2922 1091 2985 oppressum

92 3010 208 3071 corpus
219 2993 252 3053 et
261 2989 439 3054 confectum
448 2988 622 3073 doloribus,
634 2989 710 3053 huic
724 2990 894 3071 paulumne
909 2989 949 3052 ad
963 2989 1092 3055 beatam

91 3077 192 3141 vitam
215 3076 324 3140 deesse
347 3077 501 3160 dicemus,
524 3098 590 3141 non
612 3077 707 3142 modo
731 3077 772 3141 ad
794 3076 1035 3142 beatissimam?

158 3163 228 3229 Hoc
254 3163 336 3227 illud
363 3168 425 3247 est,
454 3164 537 3248 quod
564 3164 806 3247 Theophrastus
839 3167 995 3230 sustinere
1026 3137 1137 3232 non9

91 3253 205 3337 potuit.
250 3251 335 3316 Nam
358 3273 429 3316 cum
456 3253 622 3316 statuisset
648 3253 793 3336 verbera,
820 3257 994 3336 tormenta,
1022 3276 1091 3321 cru·
1121 3276 1132 3331 ,-·

92 3341 207 3425 111111,
234 3341 357 3423 patriae
385 3340 578 3419 eversiones,
611 3340 720 3423 exilia,
752 3341 908 3408 orbitates
939 3363 1093 3426 magnam

91 3430 157 3493 vim
188 3428 308 3493 habere
339 3427 380 3492 ad
411 3426 495 3490 male
527 3427 704 3512 misereque
735 3430 918 3510 vivendum,
948 3453 1013 3496 non
1043 3432 1094 3497 est

91 3538 187 3580 ausus
211 3518 294 3582 elate
317 3519 350 3580 et
366 3515 472 3599 ample
495 3515 596 3600 loqui,
619 3538 691 3581 oum
710 3516 875 3584 humiliter
892 3519 1092 3604 demisseque
