2476 3848
468 174 708 240 ..509-

89 332 1090 507 thcttdtttttttltlttAhtlibttltlt

89 510 203 588 cidere,
227 510 282 592 qni
303 509 397 574 illum
418 509 454 573 in
474 509 607 575 eandem
624 530 741 575 navem
758 509 962 593 recepissent,
985 511 1090 572 osten·

92 597 140 662 dit
167 597 213 661 eis
226 597 270 684 ,in
292 597 405 662 eodem
426 619 522 663 cursu
545 599 665 661 multas
688 597 769 662 alias
792 596 973 662 laborantis
996 617 1090 680 quaa

92 685 258 838 siqidtque,t
274 707 353 836 nusm
384 685 483 786 etiam
513 685 549 751 in
578 685 619 750 iis
639 685 784 838 lpqpipus
801 684 990 837 tDrssgoram
1015 683 1091 749 vehi

92 795 300 927 idveerrseanmve
322 794 625 945 ldrtiiuhrilialii
648 796 694 926 sis
707 795 884 946 iithuem
900 791 1091 925 pqoppgffi

90 949 218 1033 vixeris,
235 948 317 1013 nihil
335 948 473 1014 intersit.
508 947 584 1014 Non
602 949 870 1033 animadvertunt,
892 948 1006 1033 inquit,
1025 968 1090 1012 om·
1109 961 1143 1011 90

90 1037 146 1102 nia
175 1036 221 1122 di,
248 1058 290 1101 ne
318 1058 411 1122 reges
442 1036 579 1121 quidem.
625 1036 708 1112 Quid
736 1040 788 1102 est
817 1036 945 1102 simile?
985 1036 1091 1121 Reges

93 1125 179 1190 enim
202 1124 231 1190 si
253 1123 389 1190 scientes
411 1125 688 1210 praetermittunt,
711 1146 832 1210 magna
853 1126 948 1209 culpa
970 1128 1034 1208 est,
1057 1126 1092 1188 at
1102 1129 1143 1194 38

93 1213 222 1279 deone
255 1212 417 1277 excusatio
441 1212 569 1296 quidem
591 1216 641 1277 est
663 1212 861 1278 inscientiae.
906 1203 1010 1287 Quenl
1033 1233 1092 1277 vos

91 1301 257 1386 praeclare
276 1298 454 1383 defenditis,
471 1320 545 1365 cum
563 1299 669 1364 dicitis
687 1322 760 1365 eam
777 1300 844 1364 vim
862 1300 995 1365 deorum
1013 1321 1092 1382 esse,

92 1392 143 1473 ut,
172 1388 301 1453 etiamsi
327 1388 399 1472 quis
426 1391 531 1453 morte
553 1408 674 1472 poenas
697 1387 826 1453 sceleris
848 1387 1012 1472 effugerit,
1040 1407 1093 1451 ex·

92 1479 246 1561 petantur
268 1497 323 1541 eae
343 1495 466 1560 poenae
484 1475 642 1560 aliberis,
665 1497 684 1541 a
700 1475 884 1560 nepotibus,
906 1497 926 1540 a
943 1473 1092 1558 posteris.

93 1563 120 1629 Ο
147 1563 264 1629 miram
291 1563 488 1647 aequitatem
516 1563 660 1629 deorum!
702 1562 856 1628 Ferretne
883 1561 997 1627 civitas
1024 1561 1093 1626 ulla

93 1652 232 1717 latorem
253 1651 348 1716 istius
372 1651 460 1717 modi
477 1651 569 1737 legis,
591 1656 629 1717 ut
647 1650 913 1718 condemnaretur
930 1649 1016 1714 filius
1036 1652 1093 1714 aut
1217 1733 1218 1736 Ἴ

92 1761 202 1824 nepos,
226 1739 255 1804 si
276 1742 370 1824 pater
393 1743 449 1807 ant
472 1761 551 1805 avus
575 1739 785 1824 deliquisset?

159 1859 317 1936 Quinam
339 1861 632 1928 Tantalidarum
654 1858 915 1927 internecioni
934 1861 1066 1925 modus

158 1948 343 2016 Pare‘tur?
371 1954 437 2015 aut
460 1961 643 2035 quaenam
665 1954 841 2033 quuam
864 1949 913 2055 oh
933 1952 1093 2051 mortem

158 2124 302 2191 Poenis
326 2126 477 2190 luendis
501 2125 655 2190 da‘bitur
677 2125 800 2190 satias
824 2037 1015 2210 silhhllill

93 2265 212 2332 Utrum
243 2269 358 2351 politae
383 2263 511 2331 Stoicos
541 2265 761 2351 depravarint,
793 2287 835 2331 an
861 2263 962 2332 Stoici
988 2266 1093 2351 potitis
1113 2279 1144 2328 91

94 2353 239 2418 dederint
272 2352 512 2437 anctoritatem,
543 2373 609 2418 non
639 2354 734 2420 facile
764 2354 912 2436 dixerim,
943 2357 1095 2438 portenta

95 2441 179 2506 enim
208 2441 248 2506 ab
276 2440 421 2524 utrisque
448 2444 481 2504 et
508 2440 635 2526 flagitia
660 2441 819 2507 dicuntur.
863 2439 977 2524 Neque
1000 2441 1094 2524 enim,

94 2551 190 2613 quem
203 2527 417 2613 Hipponactis
434 2528 561 2594 iambus
580 2529 728 2613 laeserat,
746 2532 803 2594 aut
821 2529 876 2612 qui
894 2531 964 2593 erat
982 2526 1096 2593 Archi·
1122 2600 1123 2603 Ἴ

34 2635 37 2640 ’
94 2617 181 2683 lochi
203 2638 298 2682 versu
320 2617 516 2701 volneratus,
537 2638 558 2682 a
580 2617 639 2682 deo
662 2617 832 2682 inmissum
854 2617 1007 2700 dolorem,
1029 2636 1095 2679 non

94 2709 285 2790 conceptum
312 2727 332 2770 a
358 2726 392 2770 se
418 2704 490 2789 ipso
517 2704 717 2789 continebat,
743 2726 816 2789 nec,
844 2726 916 2771 cum
943 2703 1095 2788 Aegisthi

94 2793 262 2857 libidinem
285 2796 342 2858 aut
363 2815 436 2858 cum
453 2790 580 2857 Paridis
602 2792 757 2876 videmus,
779 2814 799 2858 a
821 2792 880 2857 deo
899 2813 1030 2858 causam
1047 2812 1095 2856 re

95 2880 261 2963 quirimus,
284 2902 356 2946 cum
378 2881 491 2965 culpae
509 2901 611 2965 paene
629 2902 740 2946 vocem
758 2879 935 2964 audiamus,
956 2901 1015 2944 nec
1033 2899 1094 2964 ego

93 2968 271 3033 multorum
298 2989 468 3054 aegrorum
495 2968 636 3032 salutem
661 2988 727 3032 non
753 2968 794 3032 ab
818 2966 1017 3052 Hippocrate
1039 2988 1094 3051 po

93 3055 159 3119 tius
183 3077 280 3138 quam
303 3057 344 3120 ab
367 3054 562 3140 Aesculapio
586 3055 695 3120 datam
717 3055 836 3139 iudico,
858 3077 917 3120 nec
938 3055 1094 3120 Lacedae

91 3142 274 3208 momorum
310 3142 513 3227 disciplinam
545 3143 650 3208 dicam
681 3165 835 3227 umquam
868 3143 909 3207 ab
940 3142 1094 3228 Apolline

91 3231 200 3316 potius
219 3228 355 3315 Spartae
378 3253 475 3315 quam
498 3230 678 3316 aLycurgo
697 3230 815 3296 datam.
852 3229 1026 3315 Critolaus,
1048 3231 1094 3294 in-

93 3342 198 3403 quam,
218 3319 334 3384 evertit
348 3317 549 3403 Corinthum,
567 3318 804 3404 Karthaginem
822 3318 1017 3383 Hasdrubal.
1049 3317 1094 3381 Hi

92 3408 155 3472 duo
174 3408 249 3472 illos
269 3407 377 3471 oculos
396 3429 470 3471 orae
488 3407 680 3471 maritumae
698 3407 886 3490 effoderunt,
907 3427 973 3472 non
990 3406 1092 3469 iratus

92 3495 203 3580 aliqui,
222 3517 317 3580 quem
331 3495 460 3560 omnino
474 3494 570 3559 irasci
583 3515 679 3578 posse
692 3495 831 3580 negatis,
845 3494 931 3559 deus.
959 3493 1005 3557 At
1019 3494 1092 3557 sub·
1111 3504 1144 3554 92
