2476 3848
476 128 629 194 -438
677 163 715 173 -

91 312 241 355 maxume
268 291 414 373 optatam
441 292 474 353 et
501 290 676 372 expetitam
706 289 911 353 securitatem
940 284 1107 373 (securi-

91 381 212 442 tatem
243 381 349 441 autem
378 399 463 442 nunc
493 377 620 460 appello
651 376 846 441 vacuitatem
876 375 1106 463 aegritudinis,

92 467 128 530 in
151 487 214 549 qua
232 465 300 528 vita
322 465 419 528 beata
435 464 544 548 posita
562 461 627 549 est)
648 463 768 528 habere
786 463 957 549 quisquam
979 468 1106 548 potest,

93 553 144 617 cui
173 556 228 616 aut
256 553 340 617 adsit
368 555 424 616 aut
451 552 561 616 adesse
589 552 694 635 possit
719 551 892 617 multitudo
914 551 1105 617 malorum?

92 640 155 717 Qui
178 645 285 705 autem
312 641 434 723 poterit
456 661 525 704 esse
548 639 651 704 celsus
675 643 709 704 et
734 642 858 703 erectus
881 642 915 703 et
937 661 987 722 ea,
1016 661 1106 724 quas

90 728 216 794 homini
235 728 378 794 accidere
395 731 544 811 possunt,
568 728 677 792 omnia
694 748 794 809 parva
815 727 947 811 ducens,
969 727 1106 810 qualem

92 817 270 898 sapientem
293 837 363 880 esse
385 817 546 899 volumus,
574 815 637 879 nisi
661 815 770 879 omnia
792 814 854 878 sibi
876 814 911 878 in
933 835 968 878 se
988 815 1105 898 posita

92 902 256 968 censebit?
306 903 359 966 An
385 902 629 967 Lacedaemonii
656 902 810 986 Philippo
838 901 1016 973 minitante,
1041 925 1104 986 per

91 992 218 1055 litteras
237 1013 271 1055 se
290 991 408 1072 omnia,
425 1013 507 1075 quae
526 993 727 1064 conarentur,
745 988 981 1073 prohibiturum
1000 1010 1104 1074 quae

93 1079 249 1161 siverunt,
276 1100 354 1141 num
381 1100 415 1141 se
443 1082 528 1142 esset
555 1078 653 1142 etiam
680 1078 763 1141 mori
784 1076 1020 1160 prohibiturus;
1049 1079 1104 1143 vir

92 1166 135 1248 is,
166 1188 261 1249 quem
292 1166 488 1248 quaerimus,
519 1188 585 1230 non
614 1165 717 1229 multo
745 1164 872 1229 facilius
898 1165 959 1229 tali
989 1165 1103 1232 animo

91 1254 269 1336 reperietur
300 1275 396 1337 quam
428 1254 542 1318 civitas
574 1252 745 1317 universa?
803 1250 908 1327 Quid?
941 1252 981 1316 ad
1013 1253 1103 1319 hanc

91 1341 325 1424 fortitudinem,
353 1341 391 1405 de
414 1364 477 1425 qua
498 1342 671 1426 loquimur,
699 1341 914 1423 temperantia
937 1339 1103 1425 adiuncta,

92 1429 231 1512 quaesit
246 1429 442 1493 moderatrix
457 1429 599 1494 omnium
616 1427 876 1511 commotionum,
895 1426 970 1510 quid
988 1430 1104 1511 potest

92 1517 132 1580 ad
150 1517 244 1581 beate
262 1517 432 1581 vivendum
451 1517 560 1581 deesse
579 1517 622 1598 ei,
641 1538 735 1600 quem
755 1514 911 1579 fortitudo
931 1514 972 1579 ab
991 1518 1101 1602 aegri·

91 1604 201 1669 tudine
221 1607 253 1668 et
271 1626 290 1668 a
307 1607 396 1668 metu
416 1604 567 1685 vindicet,
589 1603 803 1687 temperantia
826 1624 897 1667 cum
922 1624 941 1666 a
963 1602 1101 1670 libidine

92 1696 212 1770 avocet,
225 1697 295 1756 turn
308 1692 460 1757 insolenti
474 1693 641 1756 alacritate
656 1691 775 1775 gestire
789 1711 854 1754 non
868 1689 974 1755 sinat?
1006 1688 1102 1757 Haec

92 1780 217 1844 efficere
240 1782 393 1844 virtutem
417 1779 629 1862 ostenderem,
654 1779 718 1844 nisi
741 1778 959 1861 superioribus
983 1777 1100 1845 diebus

92 1872 197 1932 essent
220 1868 386 1950 explicata.

41 1932 81 1996 15
157 1956 263 2038 Atque
291 1976 361 2018 cum
390 1955 648 2037 perturbationes
678 1955 777 2018 animi
804 1953 980 2036 miseriam,
1007 1954 1100 2019 seda·

38 2010 71 2055 43
89 2042 194 2106 tiones
219 2045 325 2105 autem
348 2042 449 2104 uitam
473 2040 615 2106 efficiant
638 2041 782 2124 beatam,
809 2041 988 2124 duplexque
1010 2042 1098 2107 ratio

89 2128 339 2211 perturbationis
368 2129 422 2211 sit,
450 2129 535 2211 quod
563 2129 731 2213 aegritudo
756 2132 788 2193 et
810 2131 915 2192 metus
943 2128 978 2193 in
999 2128 1099 2194 malis

90 2216 246 2298 opinatis,
275 2215 309 2279 in
340 2217 498 2279 bonorum
527 2220 634 2281 autem
664 2238 771 2282 errore
799 2215 924 2279 laetitia
953 2216 1100 2299 gestiens

89 2302 253 2386 libidoque
295 2309 448 2387 versetur,
494 2327 574 2387 quae
620 2304 727 2369 omnia
769 2323 841 2367 curn
883 2302 1018 2369 consilio
1063 2307 1101 2370 et

89 2391 215 2455 ratione
241 2395 398 2474 pugnant,
422 2391 473 2454 his
496 2393 532 2455 tu
554 2396 622 2456 tarn
645 2390 800 2475 gravibus
823 2390 1098 2456 concitationibus

88 2483 220 2562 tamque
249 2479 330 2562 ipsis
358 2480 443 2542 inter
466 2501 499 2542 se
523 2479 787 2544 dissentientibus
811 2481 907 2562 atque
930 2477 1098 2544 distractis

89 2589 183 2649 quem
209 2589 358 2649 vacuum,
386 2567 540 2650 solutum,
568 2567 707 2632 liberum
735 2566 867 2648 videris,
894 2565 981 2630 hunc
1003 2566 1099 2630 dubi-

88 2654 173 2718 tabis
200 2655 332 2719 beatum
359 2654 484 2718 dicere?
534 2654 634 2739 Atqui
663 2655 790 2737 sapiens
819 2674 944 2736 semper
971 2652 1019 2717 ita
1043 2654 1100 2718 ad·

88 2741 191 2806 fectus
220 2745 282 2825 est;
312 2764 438 2825 semper
465 2742 564 2825 igitur
591 2743 717 2825 sapiens
746 2743 859 2807 beatus
883 2744 941 2805 est.
986 2739 1098 2826 Atque

88 2831 187 2893 etiarn
215 2851 309 2894 omne
335 2831 455 2893 bonum
481 2829 632 2893 laetabile
661 2832 722 2911 est;
750 2829 836 2912 quod
859 2832 966 2893 autem
992 2828 1099 2893 laeta-

88 2915 168 2998 bile,
190 2917 223 2981 id
246 2917 494 3000 praedicandum
513 2919 545 2981 et
566 2938 695 3000 praese
717 2915 897 2998 ferendum,
921 2915 1005 2998 quod
1028 2918 1098 2982 tale

89 3007 209 3086 autem,
236 3005 268 3068 id
297 3005 394 3068 etiam
422 3004 613 3088 gloriosum,
640 3005 766 3068 sivero
790 3004 981 3088 gloriosum,
1007 3006 1099 3068 certe

88 3091 262 3173 laudabile3
291 3093 376 3176 quod
404 3092 567 3157 laudabile
595 3096 715 3175 autem,
742 3091 887 3175 profecto
912 3090 1009 3155 etiam
1037 3090 1098 3157 ho·

36 3197 69 3245 44
87 3182 227 3261 nestum,
257 3180 341 3262 quod
368 3181 490 3246 bonum
516 3181 626 3266 igitur,
654 3179 687 3243 id
714 3178 896 3244 honestum.
941 3178 987 3242 At
1011 3199 1099 3262 quae

86 3265 142 3328 isti
169 3266 253 3329 bona
280 3271 463 3352 numerant,
489 3291 530 3333 ne
556 3268 620 3350 ipsi
648 3266 776 3349 quidem
802 3266 940 3330 honesta
969 3265 1098 3352 dicunt,

88 3353 191 3417 solum
214 3353 313 3437 igitur
336 3355 470 3439 bonum,
493 3354 577 3439 quod
600 3354 783 3436 honestum,
808 3374 846 3418 ex
869 3373 933 3436 quo
954 3351 1100 3420 efficitur

85 3441 253 3506 honestate
276 3464 340 3506 una
362 3443 462 3507 vitam
484 3442 640 3506 contineri
663 3441 800 3506 beatam.
836 3438 912 3504 Non
935 3443 1011 3504 sunt
1034 3442 1099 3527 igi·
