2476 3848
452 190 604 256 -rm
652 229 693 239 -

67 348 139 413 fieri
160 349 251 413 nullo
274 349 371 415 modo
393 353 517 434 potest,
540 348 599 433 sic,
623 350 708 434 quod
730 350 903 415 honestum
924 353 1073 435 nonest,

67 436 102 501 id
125 436 204 500 utile
227 439 264 500 ut
287 437 344 521 sit,
371 437 456 502 effici
482 458 548 502 non
575 440 685 521 potest
712 438 904 503 adversante
927 442 960 503 et
981 460 1074 524 repu-

68 528 190 610 gnante
212 527 337 589 natura.

134 610 181 675 At
204 612 302 696 enim,
325 635 398 677 cum
420 633 598 698 permagna
620 613 764 698 praemia
787 616 876 697 sunt,
903 616 953 678 est
976 602 1126 678 causa20

68 699 229 785 peccandi.
266 698 301 764 Ο
323 700 445 764 Marius
469 722 542 765 cum
564 721 585 765 1
607 721 665 785 spe
688 663 876 766 consulatui
898 701 995 786 longe
1019 679 1125 766 arb-⁷⁹

68 791 154 852 esset
178 787 242 850 et
232 809 299 851 ram
322 787 496 872 septimum
519 809 638 852 aunum
656 791 732 872 post
750 793 936 873 praeturam
954 788 1073 853 iaceret

67 897 171 958 neque
191 875 260 959 peti
248 879 353 939 rturus
372 897 525 960 umquam
543 876 748 941 consulatum
766 876 937 960 videretur,
959 873 1074 956 11111-

67 963 200 1045 tellum,
222 963 312 1027 ouius
334 963 463 1048 legatus
487 966 572 1047 erat,
595 985 757 1027 summum
779 964 884 1029 virum
907 967 940 1028 et
963 963 1074 1048 civem,

68 1073 141 1115 oum
160 1050 202 1114 ab
221 1071 268 1132 eo,
286 1050 482 1134 imperatore
501 1071 568 1134 suo,
586 1050 725 1117 Romam
743 1051 861 1116 missus
876 1056 971 1135 esset,
989 1053 1074 1136 apud

68 1137 226 1223 populum
248 1138 431 1203 Romanum
459 1138 647 1203 criminatus
675 1141 725 1203 est
752 1139 876 1204 bellum
901 1139 996 1203 illum
1020 1140 1074 1204 du·

69 1248 154 1376 certa
173 1226 201 1289 si
204 1247 254 1376 Γῗ1
273 1225 613 1376 conpulemflfpcissent,
629 1226 721 1377 brevi
734 1229 880 1377 tpmtpore
894 1231 951 1291 aut
964 1227 1074 1379 pivppm

39 1405 42 1409 ·
69 1334 1074 1486 1112111111,ξῇ111111111111111,

70 1489 169 1552 seda
190 1489 253 1552 fide
275 1488 464 1571 iustitiaque
488 1487 649 1572 discessit,
677 1487 732 1573 qui
759 1489 918 1573 optimum
946 1492 979 1552 et
1003 1510 1074 1573 gra-

69 1576 239 1641 vissimum
261 1577 372 1660 civem,
395 1577 485 1641 cuius
508 1576 636 1661 legatus
660 1578 692 1640 et
716 1598 735 1640 a
758 1598 821 1659 quo
843 1575 960 1639 missus
980 1580 1074 1660 esset,

69 1664 104 1727 in
125 1664 280 1729 invidiam
306 1663 391 1729 falso
419 1663 552 1729 crimine
580 1662 756 1728 adduxerit.
791 1661 842 1728 Ne
868 1665 980 1728 noster
1006 1663 1074 1746 qui·
1092 1680 1127 1730 80

70 1752 142 1815 dem
157 1750 365 1816 Gratidianus
385 1751 490 1816 officio
509 1751 572 1815 viri
589 1751 667 1816 boni
683 1750 813 1815 functus
832 1755 882 1816 est
900 1753 980 1834 tum,
1001 1773 1074 1816 cum

69 1843 200 1924 praetor
232 1843 317 1904 esset
348 1839 584 1923 collegiumque
610 1839 809 1923 praetorium
835 1838 960 1903 tribuni
985 1839 1075 1923 plebi

70 1927 306 2011 adhibuissent,
328 1930 366 1990 ut
387 1948 439 1991 res
461 1927 643 1991 nummaria
666 1926 706 1990 de
728 1926 890 1992 communi
912 1926 1074 1991 sententia
1181 1917 1187 1936 ’

70 2015 334 2098 constitueretur3
356 2014 541 2079 iactabatur
563 2014 650 2079 enim
672 2015 872 2099 temporibus
895 2014 962 2078 illis
983 2036 1075 2079 num·

70 2124 142 2165 mus
170 2101 229 2185 sic,
255 2106 292 2166 ut
318 2124 413 2167 nemo
439 2106 551 2187 posset
578 2103 671 2186 scire,
702 2102 778 2187 quid
804 2102 947 2168 haberet.
994 2101 1075 2168 Gon-

71 2189 269 2272 soripserrmt
291 2190 505 2254 communiter
528 2189 667 2255 edictum
690 2212 763 2256 cum
785 2212 889 2275 poena
909 2194 1005 2274 atque
1028 2191 1074 2255 iu-

71 2276 154 2340 dicio
177 2277 486 2362 constitueruntque,
507 2281 545 2341 ut
568 2299 678 2342 omnes
702 2278 799 2342 simul
821 2278 856 2342 in
873 2281 981 2343 rostra
999 2281 1075 2363 post

70 2363 238 2428 meridiem
270 2365 483 2430 escenderent
460 2364 573 2429 tEt
599 2367 650 2429 oet
635 2364 697 2428 teri
725 2365 857 2450 quidem
885 2365 968 2429 alius
1000 2366 1075 2450 alio,

69 2451 192 2515 Marius
216 2452 257 2516 ab
281 2452 476 2517 subselliis
466 2474 502 2516 m
523 2454 631 2516 rostra
652 2454 741 2516 recta
758 2453 864 2535 idque,
886 2453 973 2535 quod
991 2474 1075 2517 com-

70 2540 210 2604 muniter
223 2541 449 2642 compositum
471 2539 591 2622 fuerat,
621 2539 709 2603 solus
733 2539 841 2603 edixit
885 2538 930 2603 Et
915 2542 991 2604 tea
1013 2561 1075 2623 res,

69 2628 98 2778 pi
122 2628 262 2799 quaepis,
290 2629 321 2693 ei
347 2648 467 2713 magno
494 2625 730 2777 lionoridfuit3lt
736 2626 885 2778 oprnibus
908 2626 987 2691 vicis
1011 2629 1075 2690 sta·

69 2717 1126 2886 11113111111111111111,1111ξῖ11111

69 2890 358 2954 indeliberatione
380 2912 446 2955 non
464 2911 653 2975 numquam,
675 2912 749 2954 cum
771 2889 849 2971 id,
839 2910 874 2952 m
893 2909 956 2972 quo
975 2887 1122 2953 vicla-

70 2980 125 3039 tur
148 2977 308 3061 aequitas,
330 2999 396 3043 non
417 2978 466 3043 ita
488 3000 655 3064 magnum,
677 2977 759 3042 illud
782 2999 823 3041 au
824 2979 904 3059 tem,
928 2976 1013 3061 quod
1036 2998 1075 3041 ex

70 3085 107 3127 eo
130 3064 271 3148 paritur,
297 3087 510 3165 permagnum
533 3067 620 3131 videt
621 3088 673 3148 ur,
699 3069 736 3129 ut
758 3063 863 3129 Mario
891 3065 1075 3150 praeripere

70 3152 205 3238 collegis
229 3155 300 3216 ett
248 3152 424 3217 ttribunis
447 3153 536 3238 plebi
562 3153 752 3237 popularem
776 3156 850 3238 grat
851 3152 918 3216 iam
939 3153 1075 3218 nonita

69 3243 173 3324 turpe,
196 3241 360 3304 consulem
384 3241 426 3305 ob
449 3262 521 3304 eam
539 3261 608 3303 rem
626 3239 705 3322 fieri,
729 3240 814 3324 quod
832 3240 895 3304 sibi
914 3243 985 3305 tum
1003 3263 1075 3326 pro-

68 3332 232 3412 posuerat,
255 3328 348 3394 valde
372 3328 452 3392 utile
474 3327 653 3392 videbatur
690 3323 752 3391 Sed
775 3329 919 3392 omnium
941 3350 1006 3393 una
1028 3350 1076 3393 re·

69 3415 147 3500 gula
170 3419 229 3498 est,
253 3438 350 3500 quam
372 3415 435 3480 tibi
443 3414 552 3566 tcupio
576 3435 646 3478 esse
668 3413 883 3516 notissimam,
906 3420 962 3480 aut
984 3415 1075 3500 illud,

69 3502 155 3586 quod
177 3508 214 3567 ut
200 3467 259 3568 tile
281 3503 370 3568 videt
371 3525 421 3587 111,
443 3505 539 3586 turpe
560 3522 602 3565 ne
625 3501 669 3566 sit
692 3506 762 3588 aut,
785 3503 815 3568 si
835 3508 931 3588 turpe
954 3507 1013 3588 est,
1033 3523 1076 3567 nc
1119 3474 1168 3630 Ι
