2476 3848
527 179 768 244 -142-

149 342 317 408 sulendum
340 345 399 425 est,
420 344 491 405 tum
513 339 550 426 ii,
575 340 631 425 qui
654 339 753 404 armis
775 339 893 424 positis
916 339 958 404 ad
979 340 1154 425 imperato-

148 452 220 495 rum
233 429 329 494 fidem
344 428 541 513 confugient,
556 427 702 510 quemvis
714 450 842 492 murum
853 425 936 491 aries
950 429 1154 512 percusserit,

147 516 329 602 recipiendi.
360 515 401 579 In
415 538 478 600 quo
492 519 662 600 tantopere
677 515 763 599 apud
779 518 912 580 nostros
925 515 1052 580 iustitia
1066 516 1154 581 culta

148 610 206 689 est,
228 608 266 669 ut
287 604 320 687 ii,
344 604 399 686 qui
421 603 568 668 ciuitates
592 606 649 668 aut
670 603 819 668 nationes
843 602 985 668 devictas
1009 604 1097 669 bello
1119 604 1155 669 in

146 693 244 758 fidem
260 691 466 776 recepissent,
485 713 595 756 earum
613 691 744 776 petroni
758 694 866 756 essent
880 713 969 755 more
983 692 1153 756 maiorum.

95 798 129 846 36
148 781 196 846 Ac
223 780 303 844 belli
335 779 463 862 quidem
496 778 642 861 aequitas
675 778 883 844 sanctissime
908 779 1014 844 fetiali
1040 779 1154 865 populi

147 868 287 934 Romani
313 867 382 930 iure
406 866 587 951 perscripta
609 869 668 930 est.
712 865 763 932 Ex
786 888 849 949 quo
872 866 1021 951 intellegi
1043 872 1154 952 potest

146 956 273 1020 nullum
295 953 419 1018 bellum
441 975 511 1018 esse
534 954 664 1037 iustum,
686 953 751 1018 nisi
769 955 855 1036 quod
876 958 932 1018 aut
950 956 1047 1018 rebus
1065 977 1154 1041 repe-

146 1044 218 1107 titis
247 1045 379 1127 geratur
406 1045 463 1107 aut
490 1041 714 1109 denuntiatum
746 1045 822 1107 ante
852 1041 896 1106 sit
923 1045 955 1106 et
986 1041 1152 1115 indictum,

148 1131 307 1215 [Popilius
325 1130 502 1214 imperator
520 1130 653 1194 tenebat
670 1129 879 1213 provinciam,
901 1129 937 1194 in
956 1129 1046 1195 cuius
1066 1152 1153 1196 exer-

147 1219 214 1283 citu
232 1217 365 1283 Catonis
383 1218 469 1282 filius
492 1217 557 1282 tiro
580 1217 754 1282 militabat.
791 1215 873 1282 (lum
895 1221 1004 1282 autem
1023 1218 1151 1304 Popilio

146 1306 310 1371 videretur
336 1327 434 1370 unam
462 1305 625 1370 dimittere
652 1305 827 1390 legionem,
859 1303 994 1370 Catonis
1025 1328 1152 1390 quoque

146 1395 263 1478 filium,
287 1393 343 1478 qui
364 1394 398 1456 in
421 1394 532 1458 eadem
555 1393 683 1478 legione
706 1392 883 1477 militabat,
911 1393 1043 1458 dimisit.
1089 1393 1152 1459 Sed

147 1505 218 1547 eum
243 1503 352 1547 amore
369 1481 536 1567 pugnandi
553 1481 587 1544 in
606 1480 746 1545 exercitu
764 1481 981 1565 remansisset,
1005 1480 1087 1548 Cato
1111 1484 1152 1547 ad

145 1570 309 1655 Popilium
328 1570 467 1655 scripsit,
489 1574 535 1652 ut,
556 1569 584 1632 si
603 1591 676 1633 eum
694 1568 819 1653 patitur
836 1568 872 1633 in
889 1570 1031 1634 exercitu
1049 1592 1151 1635 reme-

144 1680 234 1742 nere,
262 1659 400 1723 secundo
424 1679 496 1722 eum
520 1657 644 1741 obliget
666 1657 803 1722 militiae
831 1661 1047 1741 sacramento,
1075 1659 1151 1740 quie

144 1746 252 1831 priore
276 1746 396 1810 amisso
419 1745 488 1808 iure
506 1767 579 1808 eum
596 1744 746 1808 hostibus
765 1766 910 1830 pugnare
928 1767 994 1810 non
1011 1748 1149 1830 poterat.

92 1850 126 1900 37
145 1833 236 1898 Adeo
261 1856 387 1898 summa
410 1836 480 1897 erat
503 1833 687 1897 observatio
714 1833 749 1896 in
775 1834 863 1897 bello
890 1834 1071 1914 movendo]
1107 1833 1150 1898 M.

145 1921 275 2006 quidem
302 1919 435 1986 Catonis
463 1921 548 1984 senis
579 1924 628 1984 est
656 1919 797 2005 epistula
824 1920 865 1985 ad
891 1921 935 1987 M.
966 1921 1083 2004 filium,
1115 1922 1151 1985 in

145 2030 208 2093 que
227 2007 340 2072 scribit
360 2028 393 2072 se
413 2007 539 2072 audisse
559 2030 631 2073 eum
655 2007 791 2073 missum
808 2007 931 2074 factum
950 2028 1019 2072 esse
1038 2031 1058 2072 a
1076 2029 1149 2073 con-

145 2096 222 2179 sule,
237 2117 309 2160 cum
323 2095 358 2160 in
371 2094 558 2163 Macedonia
571 2096 658 2160 bello
668 2095 797 2161 Persico
812 2097 905 2160 miles
920 2099 1014 2161 esset.
1037 2096 1149 2162 Monet

143 2184 256 2269 igitur,
279 2187 317 2248 ut
339 2186 464 2267 caveat,
490 2205 531 2248 ne
553 2184 714 2268 proelium
736 2184 838 2268 ineat3
866 2188 967 2271 negat
990 2184 1076 2249 enim
1097 2185 1149 2251 ius

93 2273 223 2355 messe,
246 2271 302 2356 qui
323 2272 417 2336 miles
435 2270 572 2354 nonsit,
595 2293 666 2337 eum
685 2271 779 2336 hoste
799 2293 953 2357 pugnare.
989 2272 1149 2357 Equidem

144 2360 243 2425 etiam
269 2360 352 2424 illud
379 2359 613 2443 animadverto,
645 2359 744 2444 quod,
777 2361 832 2444 qui
858 2360 991 2445 proprio
1018 2361 1150 2426 nomine

142 2448 355 2533 perduellis
379 2453 473 2531 esset,
495 2449 523 2512 is
546 2448 673 2513 hostis
696 2451 875 2531 vocaretur,
899 2448 1034 2512 lenitate
1058 2450 1149 2513 verbi

143 2536 190 2600 rei
212 2536 382 2600 tristitiam
409 2536 604 2620 mitigatam.
649 2534 764 2601 Hostis
792 2536 877 2600 enim
899 2535 985 2619 apud
1008 2535 1148 2600 maiores

142 2627 272 2689 nostros
287 2624 315 2687 is
330 2623 504 2708 dicebatur,
524 2646 619 2708 quem
637 2645 722 2688 nune
739 2622 987 2708 peregrinum
1003 2622 1147 2688 dicimus.

141 2710 290 2777 Indicant
322 2711 488 2777 duodecim
521 2712 667 2777 tabulaez
702 2728 771 2778 rur
803 2726 931 2776 srsrus
962 2726 1044 2776 mus
1077 2727 1148 2775 cun

141 2816 266 2883 nosris,
289 2799 444 2883 itemque:
466 2817 646 2866 rnvnusus
668 2816 811 2865 nosram
833 2814 1000 2863 saunari
1018 2814 1148 2865 ruore·

142 2904 252 2952 amns.
301 2885 385 2961 Quid
417 2886 457 2950 ed
487 2887 571 2952 hane
608 2886 887 2952 mansuetudinem
919 2886 994 2952 addi
1029 2891 1148 2974 potest,

142 2995 228 3057 eum,
252 2973 380 3056 quicum
403 2973 525 3038 bellum
548 2995 657 3059 geres,
681 2978 750 3039 tem
773 2976 866 3040 molli
887 2975 1018 3041 nomine
1042 2977 1149 3061 appel-

124 3060 127 3064 ’
141 3061 231 3124 lare?
264 3059 466 3144 Quamquam
480 3062 514 3126 id
526 3084 644 3126 nomen
658 3061 768 3126 durius
785 3063 891 3129 effecit
908 3064 975 3129 iam
987 3068 1148 3147 vetustas3

142 3170 162 3211 a
183 3147 354 3232 peregrino
379 3149 464 3214 enim
486 3150 619 3214 recessit
643 3153 676 3214 et
697 3151 829 3235 proprie
850 3152 886 3216 in
908 3173 956 3236 eo,
978 3151 1035 3234 qui
1056 3172 1147 3214 arma

88 3249 121 3298 38
141 3239 255 3300 eontra
276 3235 385 3320 ferret,
408 3238 572 3302 remansit.
618 3235 699 3302 Oum
723 3260 799 3303 vero
823 3240 861 3304 de
883 3238 1018 3324 imperio
1042 3237 1147 3302 decer-

141 3327 231 3389 tatur
257 3323 409 3408 belloque
437 3325 604 3409 quaeritur
630 3326 750 3412 gloria,
778 3348 892 3393 causas
919 3325 1049 3392 omnino
1073 3326 1146 3390 sub-

140 3434 210 3477 esse
225 3417 336 3477 temen
349 3417 479 3498 oportet
493 3413 630 3498 easdem,
649 3436 729 3499 quas
748 3414 814 3480 dixi
832 3415 930 3501 paulo
949 3416 1025 3478 ante
1042 3412 1146 3478 iustas

67 3504 254 3630 'causas
283 3522 353 3567 esse
380 3500 549 3568 bellorum.
595 3499 724 3568 Sedes
751 3501 852 3588 bella,
880 3502 996 3586 quibus
1018 3501 1148 3587 imperii
