<?xml version="1.0" encoding="UTF-8"?>
<!DOCTYPE html PUBLIC "-//W3C//DTD XHTML 1.0 Transitional//EN"
    "http://www.w3.org/TR/xhtml1/DTD/xhtml1-transitional.dtd">
<html xmlns="http://www.w3.org/1999/xhtml" xml:lang="en" lang="en">
 <head>
  <title>
</title>
<meta http-equiv="Content-Type" content="text/html;charset=utf-8" />
  <meta name='ocr-system' content='tesseract 3.04.00' />
  <meta name='ocr-capabilities' content='ocr_page ocr_carea ocr_par ocr_line ocrx_word'/>
</head>
<body>
  <div class='ocr_page' id='page_1' title='image "./cicerosphilosop01cicegoog_0527.png"; bbox 0 0 2476 3848; ppageno 0'>
   <div class='ocr_carea' id='block_1_1' title="bbox 539 159 775 224">
    <p class='ocr_par' dir='ltr' id='par_1_1' title="bbox 539 159 775 224">
     <span class='ocr_line' id='line_1_1' title="bbox 539 159 775 224; baseline 0 -20"><span class='ocrx_word' id='word_1_1' title='bbox 539 159 775 224; x_wconf 76' lang='lat'><strong>...402-</strong></span> 
     </span>
    </p>
   </div>
   <div class='ocr_carea' id='block_1_2' title="bbox 151 315 1167 574">
    <p class='ocr_par' dir='ltr' id='par_1_2' title="bbox 151 315 1167 574">
     <span class='ocr_line' id='line_1_2' title="bbox 151 315 1167 399; baseline 0 -17"><span class='ocrx_word' id='word_1_2' title='bbox 151 317 244 397; x_wconf 69' lang='lat' dir='ltr'><strong>tulgas</strong></span> <span class='ocrx_word' id='word_1_3' title='bbox 263 315 343 396; x_wconf 68' lang='lat' dir='ltr'><strong>tides</strong></span> <span class='ocrx_word' id='word_1_4' title='bbox 361 335 396 397; x_wconf 64' lang='lat' dir='ltr'><strong>gu</strong></span> <span class='ocrx_word' id='word_1_5' title='bbox 413 317 480 398; x_wconf 67' lang='lat' dir='ltr'><strong>irio,</strong></span> <span class='ocrx_word' id='word_1_6' title='bbox 503 317 548 382; x_wconf 80' lang='lat' dir='ltr'><strong>tie</strong></span> <span class='ocrx_word' id='word_1_7' title='bbox 565 316 738 398; x_wconf 65' lang='lat' dir='ltr'><strong>menidlidae</strong></span> <span class='ocrx_word' id='word_1_8' title='bbox 756 316 904 398; x_wconf 59' lang='lat' dir='ltr'><strong>&amp;dudda</strong></span> <span class='ocrx_word' id='word_1_9' title='bbox 922 334 960 392; x_wconf 83' lang='lat' dir='ltr'><strong>cu</strong></span> <span class='ocrx_word' id='word_1_10' title='bbox 978 318 1029 382; x_wconf 81' lang='lat' dir='ltr'><strong>ber</strong></span> <span class='ocrx_word' id='word_1_11' title='bbox 1046 318 1167 399; x_wconf 63' lang='lat' dir='ltr'>2811th</span> 
     </span>
     <span class='ocr_line' id='line_1_3' title="bbox 152 404 1167 486; baseline 0.002 -17"><span class='ocrx_word' id='word_1_12' title='bbox 152 405 307 484; x_wconf 70' lang='lat' dir='ltr'><strong>cuqrdieu.</strong></span> <span class='ocrx_word' id='word_1_13' title='bbox 353 406 416 472; x_wconf 65' lang='lat' dir='ltr'><strong>tior</strong></span> <span class='ocrx_word' id='word_1_14' title='bbox 438 406 523 470; x_wconf 74' lang='lat' dir='ltr'><strong>odem</strong></span> <span class='ocrx_word' id='word_1_15' title='bbox 545 405 579 485; x_wconf 72' lang='lat' dir='ltr'><strong>iit</strong></span> <span class='ocrx_word' id='word_1_16' title='bbox 601 404 881 472; x_wconf 62' lang='lat' dir='ltr'><strong>transducentis</strong></span> <span class='ocrx_word' id='word_1_17' title='bbox 901 405 1020 470; x_wconf 80' lang='lat' dir='ltr'><strong>mittar</strong></span> <span class='ocrx_word' id='word_1_18' title='bbox 1039 405 1167 486; x_wconf 68' lang='lat' dir='ltr'><strong>sugent</strong></span> 
     </span>
     <span class='ocr_line' id='line_1_4' title="bbox 151 492 607 574; baseline -0.004 -18"><span class='ocrx_word' id='word_1_19' title='bbox 151 492 201 557; x_wconf 79' lang='lat' dir='ltr'><strong>tes</strong></span> <span class='ocrx_word' id='word_1_20' title='bbox 224 492 385 574; x_wconf 59' lang='lat' dir='ltr'><strong>topiariait</strong></span> <span class='ocrx_word' id='word_1_21' title='bbox 408 492 607 562; x_wconf 75' lang='lat' dir='ltr'><strong>subarctatus.</strong></span> 
     </span>
    </p>
   </div>
   <div class='ocr_carea' id='block_1_3' title="bbox 112 687 132 753">
    <p class='ocr_par' dir='ltr' id='par_1_3' title="bbox 112 687 132 753">
     <span class='ocr_line' id='line_1_5' title="bbox 112 687 132 753; baseline 0 0"><span class='ocrx_word' id='word_1_22' title='bbox 112 687 132 753; x_wconf 82' lang='lat'><strong>6</strong></span> 
     </span>
    </p>
   </div>
   <div class='ocr_carea' id='block_1_4' title="bbox 97 752 1166 3293">
    <p class='ocr_par' dir='ltr' id='par_1_4' title="bbox 100 752 1166 907">
     <span class='ocr_line' id='line_1_6' title="bbox 100 752 1166 840; baseline -0.001 -19"><span class='ocrx_word' id='word_1_23' title='bbox 100 791 132 838; x_wconf 77' lang='lat'><strong>12</strong></span> <span class='ocrx_word' id='word_1_24' title='bbox 217 752 353 838; x_wconf 78' lang='lat' dir='ltr'><strong>Cadere,</strong></span> <span class='ocrx_word' id='word_1_25' title='bbox 392 756 522 839; x_wconf 85' lang='lat' dir='ltr'>opinor,</span> <span class='ocrx_word' id='word_1_26' title='bbox 552 753 588 818; x_wconf 91' lang='lat' dir='ltr'><strong>in</strong></span> <span class='ocrx_word' id='word_1_27' title='bbox 620 753 799 837; x_wconf 74' lang='lat' dir='ltr'><strong>sapientem</strong></span> <span class='ocrx_word' id='word_1_28' title='bbox 832 753 1067 840; x_wconf 77' lang='lat' dir='ltr'>aegritudinem</span> <span class='ocrx_word' id='word_1_29' title='bbox 1099 754 1166 820; x_wconf 89' lang='lat' dir='ltr'><strong>tibr</strong></span> 
     </span>
     <span class='ocr_line' id='line_1_7' title="bbox 153 841 397 907; baseline 0.008 -2"><span class='ocrx_word' id='word_1_30' title='bbox 153 841 264 907; x_wconf 78' lang='lat' dir='ltr'><strong>dixisti</strong></span> <span class='ocrx_word' id='word_1_31' title='bbox 286 842 397 907; x_wconf 82' lang='lat' dir='ltr'><strong>videri.</strong></span> 
     </span>
    </p>

    <p class='ocr_par' dir='ltr' id='par_1_5' title="bbox 216 929 672 994">
     <span class='ocr_line' id='line_1_8' title="bbox 216 929 672 994; baseline 0 -1"><span class='ocrx_word' id='word_1_32' title='bbox 216 930 257 993; x_wconf 81' lang='lat' dir='ltr'><strong>A.</strong></span> <span class='ocrx_word' id='word_1_33' title='bbox 280 929 325 994; x_wconf 82' lang='lat' dir='ltr'><strong>Et</strong></span> <span class='ocrx_word' id='word_1_34' title='bbox 346 950 421 994; x_wconf 88' lang='lat' dir='ltr'><strong>vero</strong></span> <span class='ocrx_word' id='word_1_35' title='bbox 445 929 492 994; x_wconf 90' lang='lat' dir='ltr'><strong>ita</strong></span> <span class='ocrx_word' id='word_1_36' title='bbox 515 929 672 993; x_wconf 87' lang='lat' dir='ltr'><strong>existimo.</strong></span> 
     </span>
    </p>

    <p class='ocr_par' dir='ltr' id='par_1_6' title="bbox 147 1015 1165 2066">
     <span class='ocr_line' id='line_1_9' title="bbox 218 1015 1165 1101; baseline 0.003 -21"><span class='ocrx_word' id='word_1_37' title='bbox 218 1016 265 1080; x_wconf 83' lang='lat' dir='ltr'><strong>M.</strong></span> <span class='ocrx_word' id='word_1_38' title='bbox 289 1016 475 1081; x_wconf 89' lang='lat' dir='ltr'><strong>Humanum</strong></span> <span class='ocrx_word' id='word_1_39' title='bbox 493 1016 526 1080; x_wconf 94' lang='lat' dir='ltr'><strong>id</strong></span> <span class='ocrx_word' id='word_1_40' title='bbox 545 1016 683 1101; x_wconf 89' lang='lat' dir='ltr'><strong>quidem,</strong></span> <span class='ocrx_word' id='word_1_41' title='bbox 706 1016 792 1101; x_wconf 90' lang='lat' dir='ltr'><strong>qnod</strong></span> <span class='ocrx_word' id='word_1_42' title='bbox 810 1016 859 1081; x_wconf 90' lang='lat' dir='ltr'><strong>ita</strong></span> <span class='ocrx_word' id='word_1_43' title='bbox 877 1016 1052 1082; x_wconf 79' lang='lat' dir='ltr'><strong>existimas.</strong></span> <span class='ocrx_word' id='word_1_44' title='bbox 1084 1015 1165 1083; x_wconf 88' lang='lat' dir='ltr'><strong>Non</strong></span> 
     </span>
     <span class='ocr_line' id='line_1_10' title="bbox 151 1103 1162 1188; baseline 0.003 -21"><span class='ocrx_word' id='word_1_45' title='bbox 151 1104 236 1167; x_wconf 88' lang='lat' dir='ltr'><strong>enim</strong></span> <span class='ocrx_word' id='word_1_46' title='bbox 266 1104 354 1169; x_wconf 86' lang='lat' dir='ltr'><strong>silica</strong></span> <span class='ocrx_word' id='word_1_47' title='bbox 381 1104 449 1168; x_wconf 88' lang='lat' dir='ltr'><strong>nati</strong></span> <span class='ocrx_word' id='word_1_48' title='bbox 482 1126 606 1188; x_wconf 90' lang='lat' dir='ltr'><strong>sumus,</strong></span> <span class='ocrx_word' id='word_1_49' title='bbox 637 1103 693 1169; x_wconf 91' lang='lat' dir='ltr'><strong>sed</strong></span> <span class='ocrx_word' id='word_1_50' title='bbox 722 1110 772 1169; x_wconf 86' lang='lat' dir='ltr'><strong>est</strong></span> <span class='ocrx_word' id='word_1_51' title='bbox 798 1104 947 1168; x_wconf 89' lang='lat' dir='ltr'><strong>naturale</strong></span> <span class='ocrx_word' id='word_1_52' title='bbox 975 1105 1009 1168; x_wconf 91' lang='lat' dir='ltr'><strong>in</strong></span> <span class='ocrx_word' id='word_1_53' title='bbox 1042 1104 1162 1170; x_wconf 92' lang='lat' dir='ltr'><strong>animis</strong></span> 
     </span>
     <span class='ocr_line' id='line_1_11' title="bbox 150 1190 1164 1277; baseline 0.005 -23"><span class='ocrx_word' id='word_1_54' title='bbox 150 1196 295 1255; x_wconf 88' lang='lat' dir='ltr'><strong>tenerum</strong></span> <span class='ocrx_word' id='word_1_55' title='bbox 316 1191 468 1276; x_wconf 83' lang='lat' dir='ltr'><strong>quiddam</strong></span> <span class='ocrx_word' id='word_1_56' title='bbox 492 1196 589 1276; x_wconf 88' lang='lat' dir='ltr'><strong>atque</strong></span> <span class='ocrx_word' id='word_1_57' title='bbox 608 1193 714 1276; x_wconf 91' lang='lat' dir='ltr'><strong>molle,</strong></span> <span class='ocrx_word' id='word_1_58' title='bbox 737 1191 822 1275; x_wconf 89' lang='lat' dir='ltr'><strong>quod</strong></span> <span class='ocrx_word' id='word_1_59' title='bbox 845 1190 1047 1277; x_wconf 71' lang='lat' dir='ltr'><strong>aegritudine</strong></span> <span class='ocrx_word' id='word_1_60' title='bbox 1065 1194 1164 1277; x_wconf 88' lang='lat' dir='ltr'><strong>quasi</strong></span> 
     </span>
     <span class='ocr_line' id='line_1_12' title="bbox 148 1277 1161 1365; baseline 0.002 -21"><span class='ocrx_word' id='word_1_61' title='bbox 148 1282 343 1364; x_wconf 82' lang='lat' dir='ltr'><strong>tempestate</strong></span> <span class='ocrx_word' id='word_1_62' title='bbox 372 1279 554 1364; x_wconf 88' lang='lat' dir='ltr'><strong>quatiatur,</strong></span> <span class='ocrx_word' id='word_1_63' title='bbox 581 1301 640 1344; x_wconf 88' lang='lat' dir='ltr'><strong>nec</strong></span> <span class='ocrx_word' id='word_1_64' title='bbox 672 1280 808 1344; x_wconf 87' lang='lat' dir='ltr'><strong>absurde</strong></span> <span class='ocrx_word' id='word_1_65' title='bbox 837 1277 976 1344; x_wconf 82' lang='lat' dir='ltr'><strong>Crantor</strong></span> <span class='ocrx_word' id='word_1_66' title='bbox 1007 1279 1075 1363; x_wconf 88' lang='lat' dir='ltr'><strong>ills,</strong></span> <span class='ocrx_word' id='word_1_67' title='bbox 1105 1282 1161 1365; x_wconf 92' lang='lat' dir='ltr'><strong>qui</strong></span> 
     </span>
     <span class='ocr_line' id='line_1_13' title="bbox 148 1365 1160 1451; baseline 0.002 -20"><span class='ocrx_word' id='word_1_68' title='bbox 148 1369 183 1431; x_wconf 90' lang='lat' dir='ltr'><strong>in</strong></span> <span class='ocrx_word' id='word_1_69' title='bbox 208 1371 321 1432; x_wconf 89' lang='lat' dir='ltr'><strong>nostra</strong></span> <span class='ocrx_word' id='word_1_70' title='bbox 343 1367 518 1432; x_wconf 82' lang='lat' dir='ltr'><strong>Academia</strong></span> <span class='ocrx_word' id='word_1_71' title='bbox 544 1367 595 1432; x_wconf 87' lang='lat' dir='ltr'><strong>vel</strong></span> <span class='ocrx_word' id='word_1_72' title='bbox 622 1366 657 1431; x_wconf 92' lang='lat' dir='ltr'><strong>in</strong></span> <span class='ocrx_word' id='word_1_73' title='bbox 684 1366 797 1450; x_wconf 92' lang='lat' dir='ltr'><strong>primis</strong></span> <span class='ocrx_word' id='word_1_74' title='bbox 826 1368 888 1432; x_wconf 87' lang='lat' dir='ltr'><strong>fuit</strong></span> <span class='ocrx_word' id='word_1_75' title='bbox 915 1366 1049 1451; x_wconf 92' lang='lat' dir='ltr'><strong>nobilis,</strong></span> <span class='ocrx_word' id='word_1_76' title='bbox 1072 1365 1160 1433; x_wconf 76' lang='lat' dir='ltr'><strong>‘Mi-</strong></span> 
     </span>
     <span class='ocr_line' id='line_1_14' title="bbox 148 1452 1159 1540; baseline 0.002 -21"><span class='ocrx_word' id='word_1_77' title='bbox 148 1452 273 1540; x_wconf 89' lang='lat' dir='ltr'><strong>nime&#39;,</strong></span> <span class='ocrx_word' id='word_1_78' title='bbox 301 1455 420 1539; x_wconf 91' lang='lat' dir='ltr'><strong>inquit,</strong></span> <span class='ocrx_word' id='word_1_79' title='bbox 453 1454 666 1520; x_wconf 79' lang='lat' dir='ltr'><strong>‘adsentior</strong></span> <span class='ocrx_word' id='word_1_80' title='bbox 692 1454 756 1536; x_wconf 89' lang='lat' dir='ltr'><strong>iis,</strong></span> <span class='ocrx_word' id='word_1_81' title='bbox 790 1456 854 1538; x_wconf 90' lang='lat' dir='ltr'><strong>qui</strong></span> <span class='ocrx_word' id='word_1_82' title='bbox 881 1456 995 1520; x_wconf 87' lang='lat' dir='ltr'><strong>istam</strong></span> <span class='ocrx_word' id='word_1_83' title='bbox 1024 1456 1159 1521; x_wconf 91' lang='lat' dir='ltr'><strong>nescio</strong></span> 
     </span>
     <span class='ocr_line' id='line_1_15' title="bbox 149 1542 1159 1627; baseline 0.001 -20"><span class='ocrx_word' id='word_1_84' title='bbox 149 1565 258 1627; x_wconf 87' lang='lat' dir='ltr'><strong>quam</strong></span> <span class='ocrx_word' id='word_1_85' title='bbox 281 1542 538 1608; x_wconf 90' lang='lat' dir='ltr'><strong>indolentiam</strong></span> <span class='ocrx_word' id='word_1_86' title='bbox 562 1564 698 1626; x_wconf 89' lang='lat' dir='ltr'><strong>magno</strong></span> <span class='ocrx_word' id='word_1_87' title='bbox 721 1564 834 1626; x_wconf 87' lang='lat' dir='ltr'><strong>opero</strong></span> <span class='ocrx_word' id='word_1_88' title='bbox 856 1542 1030 1624; x_wconf 88' lang='lat' dir='ltr'><strong>laudant,</strong></span> <span class='ocrx_word' id='word_1_89' title='bbox 1061 1564 1159 1626; x_wconf 87' lang='lat' dir='ltr'><strong>qnae</strong></span> 
     </span>
     <span class='ocr_line' id='line_1_16' title="bbox 148 1630 1157 1714; baseline 0.001 -19"><span class='ocrx_word' id='word_1_90' title='bbox 148 1653 216 1696; x_wconf 88' lang='lat' dir='ltr'><strong>nec</strong></span> <span class='ocrx_word' id='word_1_91' title='bbox 242 1633 374 1714; x_wconf 87' lang='lat' dir='ltr'><strong>potest</strong></span> <span class='ocrx_word' id='word_1_92' title='bbox 401 1631 482 1695; x_wconf 91' lang='lat' dir='ltr'><strong>ulla</strong></span> <span class='ocrx_word' id='word_1_93' title='bbox 510 1651 592 1695; x_wconf 89' lang='lat' dir='ltr'><strong>esse</strong></span> <span class='ocrx_word' id='word_1_94' title='bbox 619 1651 687 1695; x_wconf 89' lang='lat' dir='ltr'><strong>nec</strong></span> <span class='ocrx_word' id='word_1_95' title='bbox 715 1630 836 1694; x_wconf 90' lang='lat' dir='ltr'><strong>debet.</strong></span> <span class='ocrx_word' id='word_1_96' title='bbox 888 1630 942 1695; x_wconf 90' lang='lat' dir='ltr'><strong>Ne</strong></span> <span class='ocrx_word' id='word_1_97' title='bbox 971 1637 1157 1714; x_wconf 90' lang='lat' dir='ltr'><strong>aegrotus</strong></span> 
     </span>
     <span class='ocr_line' id='line_1_17' title="bbox 150 1717 1156 1803; baseline -0.003 -20"><span class='ocrx_word' id='word_1_98' title='bbox 150 1718 231 1801; x_wconf 89' lang='lat' dir='ltr'><strong>sim;</strong></span> <span class='ocrx_word' id='word_1_99' title='bbox 257 1720 301 1801; x_wconf 91' lang='lat' dir='ltr'><strong>si,</strong></span> <span class='ocrx_word' id='word_1_100' title='bbox 325 1718 440 1803; x_wconf 90' lang='lat' dir='ltr'><strong>inquit,</strong></span> <span class='ocrx_word' id='word_1_101' title='bbox 463 1717 583 1800; x_wconf 86' lang='lat' dir='ltr'><strong>fuero,</strong></span> <span class='ocrx_word' id='word_1_102' title='bbox 607 1738 743 1782; x_wconf 86' lang='lat' dir='ltr'><strong>sensus</strong></span> <span class='ocrx_word' id='word_1_103' title='bbox 764 1717 880 1801; x_wconf 88' lang='lat' dir='ltr'><strong>adsit,</strong></span> <span class='ocrx_word' id='word_1_104' title='bbox 903 1719 985 1782; x_wconf 87' lang='lat' dir='ltr'><strong>sive</strong></span> <span class='ocrx_word' id='word_1_105' title='bbox 1004 1721 1156 1784; x_wconf 78' lang='lat' dir='ltr'><strong>secetur</strong></span> 
     </span>
     <span class='ocr_line' id='line_1_18' title="bbox 149 1804 1157 1890; baseline 0 -19"><span class='ocrx_word' id='word_1_106' title='bbox 149 1806 237 1890; x_wconf 90' lang='lat' dir='ltr'><strong>quid</strong></span> <span class='ocrx_word' id='word_1_107' title='bbox 269 1807 348 1870; x_wconf 89' lang='lat' dir='ltr'><strong>sive</strong></span> <span class='ocrx_word' id='word_1_108' title='bbox 386 1805 597 1871; x_wconf 86' lang='lat' dir='ltr'><strong>avellatur</strong></span> <span class='ocrx_word' id='word_1_109' title='bbox 625 1827 644 1869; x_wconf 93' lang='lat' dir='ltr'><strong>a</strong></span> <span class='ocrx_word' id='word_1_110' title='bbox 672 1826 854 1888; x_wconf 91' lang='lat' dir='ltr'><strong>corpore.</strong></span> <span class='ocrx_word' id='word_1_111' title='bbox 913 1804 1013 1871; x_wconf 86' lang='lat' dir='ltr'><strong>Nam</strong></span> <span class='ocrx_word' id='word_1_112' title='bbox 1043 1805 1157 1871; x_wconf 90' lang='lat' dir='ltr'><strong>istuc</strong></span> 
     </span>
     <span class='ocr_line' id='line_1_19' title="bbox 148 1893 1155 1978; baseline -0.001 -19"><span class='ocrx_word' id='word_1_113' title='bbox 148 1894 247 1959; x_wconf 89' lang='lat' dir='ltr'><strong>nihil</strong></span> <span class='ocrx_word' id='word_1_114' title='bbox 285 1894 417 1957; x_wconf 89' lang='lat' dir='ltr'><strong>dolore</strong></span> <span class='ocrx_word' id='word_1_115' title='bbox 453 1912 527 1956; x_wconf 91' lang='lat' dir='ltr'><strong>non</strong></span> <span class='ocrx_word' id='word_1_116' title='bbox 564 1893 646 1956; x_wconf 90' lang='lat' dir='ltr'><strong>sine</strong></span> <span class='ocrx_word' id='word_1_117' title='bbox 683 1914 819 1978; x_wconf 90' lang='lat' dir='ltr'><strong>magna</strong></span> <span class='ocrx_word' id='word_1_118' title='bbox 856 1893 1028 1958; x_wconf 88' lang='lat' dir='ltr'><strong>mercede</strong></span> <span class='ocrx_word' id='word_1_119' title='bbox 1065 1914 1155 1959; x_wconf 92' lang='lat' dir='ltr'><strong>con-</strong></span> 
     </span>
     <span class='ocr_line' id='line_1_20' title="bbox 147 1980 1156 2066; baseline 0 -20"><span class='ocrx_word' id='word_1_120' title='bbox 147 1981 269 2066; x_wconf 90' lang='lat' dir='ltr'><strong>tingit</strong></span> <span class='ocrx_word' id='word_1_121' title='bbox 295 1980 540 2044; x_wconf 87' lang='lat' dir='ltr'><strong>inmanitatis</strong></span> <span class='ocrx_word' id='word_1_122' title='bbox 567 1981 605 2043; x_wconf 93' lang='lat' dir='ltr'><strong>in</strong></span> <span class='ocrx_word' id='word_1_123' title='bbox 632 1981 772 2064; x_wconf 89' lang='lat' dir='ltr'><strong>animo,</strong></span> <span class='ocrx_word' id='word_1_124' title='bbox 802 1982 974 2065; x_wconf 89' lang='lat' dir='ltr'><strong>stuporis</strong></span> <span class='ocrx_word' id='word_1_125' title='bbox 1002 1980 1041 2044; x_wconf 90' lang='lat' dir='ltr'><strong>in</strong></span> <span class='ocrx_word' id='word_1_126' title='bbox 1069 2002 1156 2046; x_wconf 88' lang='lat' dir='ltr'><strong>cor-</strong></span> 
     </span>
    </p>

    <p class='ocr_par' dir='ltr' id='par_1_7' title="bbox 97 2065 1157 3293">
     <span class='ocr_line' id='line_1_21' title="bbox 97 2065 1157 2151; baseline -0.002 -15"><span class='ocrx_word' id='word_1_127' title='bbox 97 2088 128 2136; x_wconf 80' lang='lat' dir='ltr'><strong>ia</strong></span> <span class='ocrx_word' id='word_1_128' title='bbox 149 2067 259 2151; x_wconf 70' lang='lat' dir='ltr'><strong>pore?</strong></span> <span class='ocrx_word' id='word_1_129' title='bbox 306 2065 368 2131; x_wconf 82' lang='lat' dir='ltr'><strong>Sed</strong></span> <span class='ocrx_word' id='word_1_130' title='bbox 396 2066 581 2150; x_wconf 89' lang='lat' dir='ltr'><strong>videamus,</strong></span> <span class='ocrx_word' id='word_1_131' title='bbox 607 2088 647 2131; x_wconf 91' lang='lat' dir='ltr'><strong>nc</strong></span> <span class='ocrx_word' id='word_1_132' title='bbox 674 2067 753 2132; x_wconf 89' lang='lat' dir='ltr'><strong>haac</strong></span> <span class='ocrx_word' id='word_1_133' title='bbox 782 2069 887 2134; x_wconf 91' lang='lat' dir='ltr'><strong>oratio</strong></span> <span class='ocrx_word' id='word_1_134' title='bbox 915 2069 959 2133; x_wconf 90' lang='lat' dir='ltr'><strong>sit</strong></span> <span class='ocrx_word' id='word_1_135' title='bbox 986 2068 1157 2134; x_wconf 88' lang='lat' dir='ltr'><strong>hominnm</strong></span> 
     </span>
     <span class='ocr_line' id='line_1_22' title="bbox 149 2154 1155 2239; baseline 0.004 -21"><span class='ocrx_word' id='word_1_136' title='bbox 149 2154 387 2219; x_wconf 88' lang='lat' dir='ltr'><strong>adsentantium</strong></span> <span class='ocrx_word' id='word_1_137' title='bbox 427 2157 557 2219; x_wconf 89' lang='lat' dir='ltr'><strong>nostrae</strong></span> <span class='ocrx_word' id='word_1_138' title='bbox 597 2155 804 2220; x_wconf 79' lang='lat' dir='ltr'><strong>inbecillitati</strong></span> <span class='ocrx_word' id='word_1_139' title='bbox 845 2160 878 2220; x_wconf 90' lang='lat' dir='ltr'><strong>et</strong></span> <span class='ocrx_word' id='word_1_140' title='bbox 917 2157 1155 2239; x_wconf 89' lang='lat' dir='ltr'><strong>indulgentium</strong></span> 
     </span>
     <span class='ocr_line' id='line_1_23' title="bbox 148 2241 1156 2327; baseline 0.005 -22"><span class='ocrx_word' id='word_1_141' title='bbox 148 2241 358 2327; x_wconf 87' lang='lat' dir='ltr'><strong>mollitudini;</strong></span> <span class='ocrx_word' id='word_1_142' title='bbox 389 2264 448 2306; x_wconf 91' lang='lat' dir='ltr'><strong>nos</strong></span> <span class='ocrx_word' id='word_1_143' title='bbox 477 2247 586 2307; x_wconf 87' lang='lat' dir='ltr'><strong>autem</strong></span> <span class='ocrx_word' id='word_1_144' title='bbox 613 2243 787 2309; x_wconf 89' lang='lat' dir='ltr'><strong>audeamus</strong></span> <span class='ocrx_word' id='word_1_145' title='bbox 816 2266 883 2309; x_wconf 92' lang='lat' dir='ltr'><strong>non</strong></span> <span class='ocrx_word' id='word_1_146' title='bbox 911 2244 1015 2308; x_wconf 87' lang='lat' dir='ltr'><strong>solnm</strong></span> <span class='ocrx_word' id='word_1_147' title='bbox 1046 2265 1156 2310; x_wconf 90' lang='lat' dir='ltr'><strong>ramos</strong></span> 
     </span>
     <span class='ocr_line' id='line_1_24' title="bbox 148 2330 1155 2414; baseline 0.003 -20"><span class='ocrx_word' id='word_1_148' title='bbox 148 2333 316 2414; x_wconf 85' lang='lat' dir='ltr'><strong>amputare</strong></span> <span class='ocrx_word' id='word_1_149' title='bbox 339 2330 554 2413; x_wconf 87' lang='lat' dir='ltr'><strong>miseriarum,</strong></span> <span class='ocrx_word' id='word_1_150' title='bbox 577 2332 632 2395; x_wconf 91' lang='lat' dir='ltr'><strong>sed</strong></span> <span class='ocrx_word' id='word_1_151' title='bbox 656 2332 760 2397; x_wconf 89' lang='lat' dir='ltr'><strong>omnis</strong></span> <span class='ocrx_word' id='word_1_152' title='bbox 783 2331 927 2397; x_wconf 89' lang='lat' dir='ltr'><strong>radicum</strong></span> <span class='ocrx_word' id='word_1_153' title='bbox 945 2332 1045 2396; x_wconf 87' lang='lat' dir='ltr'><strong>fibras</strong></span> <span class='ocrx_word' id='word_1_154' title='bbox 1070 2333 1155 2397; x_wconf 86' lang='lat' dir='ltr'><strong>evel-</strong></span> 
     </span>
     <span class='ocr_line' id='line_1_25' title="bbox 147 2416 1156 2504; baseline 0.005 -24"><span class='ocrx_word' id='word_1_155' title='bbox 147 2418 220 2483; x_wconf 87' lang='lat' dir='ltr'><strong>lere.</strong></span> <span class='ocrx_word' id='word_1_156' title='bbox 270 2416 392 2482; x_wconf 83' lang='lat' dir='ltr'><strong>Tamen</strong></span> <span class='ocrx_word' id='word_1_157' title='bbox 424 2417 545 2503; x_wconf 88' lang='lat' dir='ltr'><strong>aliquid</strong></span> <span class='ocrx_word' id='word_1_158' title='bbox 576 2418 776 2503; x_wconf 89' lang='lat' dir='ltr'><strong>relinquetur</strong></span> <span class='ocrx_word' id='word_1_159' title='bbox 807 2421 959 2504; x_wconf 81' lang='lat' dir='ltr'><strong>fortassa3</strong></span> <span class='ocrx_word' id='word_1_160' title='bbox 995 2419 1044 2484; x_wconf 92' lang='lat' dir='ltr'><strong>ita</strong></span> <span class='ocrx_word' id='word_1_161' title='bbox 1078 2426 1156 2485; x_wconf 88' lang='lat' dir='ltr'><strong>sunt</strong></span> 
     </span>
     <span class='ocr_line' id='line_1_26' title="bbox 147 2505 1154 2592; baseline 0.002 -21"><span class='ocrx_word' id='word_1_162' title='bbox 147 2506 232 2571; x_wconf 87' lang='lat' dir='ltr'><strong>altae</strong></span> <span class='ocrx_word' id='word_1_163' title='bbox 255 2505 373 2588; x_wconf 89' lang='lat' dir='ltr'><strong>stirpes</strong></span> <span class='ocrx_word' id='word_1_164' title='bbox 397 2506 568 2591; x_wconf 84' lang='lat' dir='ltr'><strong>stultitiae3</strong></span> <span class='ocrx_word' id='word_1_165' title='bbox 593 2507 647 2570; x_wconf 90' lang='lat' dir='ltr'><strong>sed</strong></span> <span class='ocrx_word' id='word_1_166' title='bbox 666 2508 865 2592; x_wconf 89' lang='lat' dir='ltr'><strong>relinquatur</strong></span> <span class='ocrx_word' id='word_1_167' title='bbox 883 2508 916 2572; x_wconf 91' lang='lat' dir='ltr'><strong>id</strong></span> <span class='ocrx_word' id='word_1_168' title='bbox 934 2508 1049 2591; x_wconf 93' lang='lat' dir='ltr'><strong>solum,</strong></span> <span class='ocrx_word' id='word_1_169' title='bbox 1066 2509 1154 2592; x_wconf 91' lang='lat' dir='ltr'><strong>quod</strong></span> 
     </span>
     <span class='ocr_line' id='line_1_27' title="bbox 146 2593 1154 2678; baseline 0.004 -21"><span class='ocrx_word' id='word_1_170' title='bbox 146 2595 207 2658; x_wconf 88' lang='lat' dir='ltr'><strong>crit</strong></span> <span class='ocrx_word' id='word_1_171' title='bbox 224 2593 448 2658; x_wconf 87' lang='lat' dir='ltr'><strong>necessarium.</strong></span> <span class='ocrx_word' id='word_1_172' title='bbox 480 2593 565 2658; x_wconf 94' lang='lat' dir='ltr'><strong>Illud</strong></span> <span class='ocrx_word' id='word_1_173' title='bbox 584 2595 712 2678; x_wconf 90' lang='lat' dir='ltr'><strong>quidem</strong></span> <span class='ocrx_word' id='word_1_174' title='bbox 731 2595 777 2661; x_wconf 92' lang='lat' dir='ltr'><strong>sic</strong></span> <span class='ocrx_word' id='word_1_175' title='bbox 791 2595 920 2677; x_wconf 89' lang='lat' dir='ltr'><strong>habeto,</strong></span> <span class='ocrx_word' id='word_1_176' title='bbox 938 2595 1000 2659; x_wconf 91' lang='lat' dir='ltr'><strong>nisi</strong></span> <span class='ocrx_word' id='word_1_177' title='bbox 1019 2600 1154 2661; x_wconf 87' lang='lat' dir='ltr'><strong>sanatus</strong></span> 
     </span>
     <span class='ocr_line' id='line_1_28' title="bbox 147 2681 1155 2767; baseline 0.003 -22"><span class='ocrx_word' id='word_1_178' title='bbox 147 2683 271 2746; x_wconf 88' lang='lat' dir='ltr'><strong>animus</strong></span> <span class='ocrx_word' id='word_1_179' title='bbox 300 2681 356 2765; x_wconf 91' lang='lat' dir='ltr'><strong>sit,</strong></span> <span class='ocrx_word' id='word_1_180' title='bbox 389 2681 473 2764; x_wconf 90' lang='lat' dir='ltr'><strong>quod</strong></span> <span class='ocrx_word' id='word_1_181' title='bbox 507 2682 576 2747; x_wconf 89' lang='lat' dir='ltr'><strong>sina</strong></span> <span class='ocrx_word' id='word_1_182' title='bbox 602 2683 810 2767; x_wconf 89' lang='lat' dir='ltr'><strong>philosophia</strong></span> <span class='ocrx_word' id='word_1_183' title='bbox 840 2683 911 2747; x_wconf 88' lang='lat' dir='ltr'><strong>fieri</strong></span> <span class='ocrx_word' id='word_1_184' title='bbox 941 2705 1008 2747; x_wconf 91' lang='lat' dir='ltr'><strong>non</strong></span> <span class='ocrx_word' id='word_1_185' title='bbox 1036 2687 1155 2767; x_wconf 88' lang='lat' dir='ltr'><strong>potest,</strong></span> 
     </span>
     <span class='ocr_line' id='line_1_29' title="bbox 147 2768 1153 2854; baseline 0.004 -22"><span class='ocrx_word' id='word_1_186' title='bbox 147 2769 242 2833; x_wconf 89' lang='lat' dir='ltr'><strong>finem</strong></span> <span class='ocrx_word' id='word_1_187' title='bbox 270 2768 474 2833; x_wconf 88' lang='lat' dir='ltr'><strong>miseriarum</strong></span> <span class='ocrx_word' id='word_1_188' title='bbox 496 2769 619 2833; x_wconf 90' lang='lat' dir='ltr'><strong>nullum</strong></span> <span class='ocrx_word' id='word_1_189' title='bbox 642 2771 721 2836; x_wconf 89' lang='lat' dir='ltr'><strong>fore.</strong></span> <span class='ocrx_word' id='word_1_190' title='bbox 766 2770 869 2847; x_wconf 79' lang='lat' dir='ltr'><strong>Quam</strong></span> <span class='ocrx_word' id='word_1_191' title='bbox 893 2770 934 2834; x_wconf 93' lang='lat' dir='ltr'><strong>ob</strong></span> <span class='ocrx_word' id='word_1_192' title='bbox 961 2791 1044 2852; x_wconf 91' lang='lat' dir='ltr'><strong>ram,</strong></span> <span class='ocrx_word' id='word_1_193' title='bbox 1074 2792 1153 2854; x_wconf 87' lang='lat' dir='ltr'><strong>quo-</strong></span> 
     </span>
     <span class='ocr_line' id='line_1_30' title="bbox 147 2856 1154 2943; baseline 0.004 -24"><span class='ocrx_word' id='word_1_194' title='bbox 147 2858 235 2920; x_wconf 89' lang='lat' dir='ltr'><strong>niam</strong></span> <span class='ocrx_word' id='word_1_195' title='bbox 254 2856 426 2939; x_wconf 89' lang='lat' dir='ltr'><strong>coepimus,</strong></span> <span class='ocrx_word' id='word_1_196' title='bbox 449 2856 615 2921; x_wconf 88' lang='lat' dir='ltr'><strong>tradamus</strong></span> <span class='ocrx_word' id='word_1_197' title='bbox 633 2879 694 2922; x_wconf 91' lang='lat' dir='ltr'><strong>nos</strong></span> <span class='ocrx_word' id='word_1_198' title='bbox 713 2858 743 2923; x_wconf 94' lang='lat' dir='ltr'><strong>ei</strong></span> <span class='ocrx_word' id='word_1_199' title='bbox 761 2858 934 2942; x_wconf 87' lang='lat' dir='ltr'><strong>curandos;</strong></span> <span class='ocrx_word' id='word_1_200' title='bbox 958 2858 1154 2943; x_wconf 82' lang='lat' dir='ltr'><strong>sanabimur,</strong></span> 
     </span>
     <span class='ocr_line' id='line_1_31' title="bbox 148 2943 1154 3030; baseline 0.006 -24"><span class='ocrx_word' id='word_1_201' title='bbox 148 2944 175 3006; x_wconf 91' lang='lat' dir='ltr'><strong>si</strong></span> <span class='ocrx_word' id='word_1_202' title='bbox 198 2944 352 3009; x_wconf 85' lang='lat' dir='ltr'><strong>volemus.</strong></span> <span class='ocrx_word' id='word_1_203' title='bbox 393 2943 438 3008; x_wconf 82' lang='lat' dir='ltr'><strong>Et</strong></span> <span class='ocrx_word' id='word_1_204' title='bbox 456 2945 645 3029; x_wconf 89' lang='lat' dir='ltr'><strong>progrediar</strong></span> <span class='ocrx_word' id='word_1_205' title='bbox 668 2946 795 3030; x_wconf 91' lang='lat' dir='ltr'><strong>quidem</strong></span> <span class='ocrx_word' id='word_1_206' title='bbox 817 2945 959 3030; x_wconf 72' lang='lat' dir='ltr'><strong>longius,</strong></span> <span class='ocrx_word' id='word_1_207' title='bbox 982 2947 1154 3012; x_wconf 90' lang='lat' dir='ltr'><strong>nonenim</strong></span> 
     </span>
     <span class='ocr_line' id='line_1_32' title="bbox 147 3030 1153 3118; baseline 0.004 -24"><span class='ocrx_word' id='word_1_208' title='bbox 147 3030 184 3094; x_wconf 89' lang='lat' dir='ltr'><strong>de</strong></span> <span class='ocrx_word' id='word_1_209' title='bbox 209 3031 409 3114; x_wconf 83' lang='lat' dir='ltr'><strong>aegritudine</strong></span> <span class='ocrx_word' id='word_1_210' title='bbox 433 3033 549 3115; x_wconf 89' lang='lat' dir='ltr'><strong>solum,</strong></span> <span class='ocrx_word' id='word_1_211' title='bbox 579 3054 773 3117; x_wconf 88' lang='lat' dir='ltr'><strong>quamquam</strong></span> <span class='ocrx_word' id='word_1_212' title='bbox 795 3033 829 3097; x_wconf 93' lang='lat' dir='ltr'><strong>id</strong></span> <span class='ocrx_word' id='word_1_213' title='bbox 852 3032 980 3118; x_wconf 88' lang='lat' dir='ltr'><strong>quidem</strong></span> <span class='ocrx_word' id='word_1_214' title='bbox 1003 3032 1153 3116; x_wconf 88' lang='lat' dir='ltr'><strong>primum,</strong></span> 
     </span>
     <span class='ocr_line' id='line_1_33' title="bbox 147 3117 1154 3206; baseline 0.008 -27"><span class='ocrx_word' id='word_1_215' title='bbox 147 3117 202 3180; x_wconf 88' lang='lat' dir='ltr'><strong>sed</strong></span> <span class='ocrx_word' id='word_1_216' title='bbox 238 3119 276 3182; x_wconf 90' lang='lat' dir='ltr'><strong>da</strong></span> <span class='ocrx_word' id='word_1_217' title='bbox 313 3119 401 3182; x_wconf 92' lang='lat' dir='ltr'><strong>omni</strong></span> <span class='ocrx_word' id='word_1_218' title='bbox 439 3119 551 3202; x_wconf 90' lang='lat' dir='ltr'><strong>animi,</strong></span> <span class='ocrx_word' id='word_1_219' title='bbox 586 3124 624 3186; x_wconf 91' lang='lat' dir='ltr'><strong>ut</strong></span> <span class='ocrx_word' id='word_1_220' title='bbox 660 3140 719 3205; x_wconf 90' lang='lat' dir='ltr'><strong>ego</strong></span> <span class='ocrx_word' id='word_1_221' title='bbox 756 3121 864 3204; x_wconf 91' lang='lat' dir='ltr'><strong>posui,</strong></span> <span class='ocrx_word' id='word_1_222' title='bbox 898 3120 1154 3206; x_wconf 83' lang='lat' dir='ltr'><strong>perturbatione,</strong></span> 
     </span>
     <span class='ocr_line' id='line_1_34' title="bbox 147 3205 1155 3293; baseline 0.007 -25"><span class='ocrx_word' id='word_1_223' title='bbox 147 3207 274 3288; x_wconf 91' lang='lat' dir='ltr'><strong>morbo,</strong></span> <span class='ocrx_word' id='word_1_224' title='bbox 305 3208 342 3268; x_wconf 90' lang='lat' dir='ltr'><strong>ut</strong></span> <span class='ocrx_word' id='word_1_225' title='bbox 368 3205 484 3271; x_wconf 83' lang='lat' dir='ltr'><strong>Graeci</strong></span> <span class='ocrx_word' id='word_1_226' title='bbox 510 3208 639 3292; x_wconf 88' lang='lat' dir='ltr'><strong>volunt,</strong></span> <span class='ocrx_word' id='word_1_227' title='bbox 672 3208 847 3291; x_wconf 81' lang='lat' dir='ltr'><strong>explicabo.</strong></span> <span class='ocrx_word' id='word_1_228' title='bbox 897 3206 942 3271; x_wconf 79' lang='lat' dir='ltr'><strong>Et</strong></span> <span class='ocrx_word' id='word_1_229' title='bbox 972 3208 1092 3293; x_wconf 90' lang='lat' dir='ltr'><strong>primo,</strong></span> <span class='ocrx_word' id='word_1_230' title='bbox 1125 3212 1155 3276; x_wconf 91' lang='lat' dir='ltr'><strong>si</strong></span> 
     </span>
    </p>
   </div>
   <div class='ocr_carea' id='block_1_5' title="bbox 69 3291 1154 3591">
    <p class='ocr_par' dir='ltr' id='par_1_8' title="bbox 69 3291 1154 3591">
     <span class='ocr_line' id='line_1_35' title="bbox 147 3291 1154 3381; baseline 0.005 -25"><span class='ocrx_word' id='word_1_231' title='bbox 147 3294 264 3376; x_wconf 87' lang='lat' dir='ltr'><strong>placat,</strong></span> <span class='ocrx_word' id='word_1_232' title='bbox 291 3291 473 3358; x_wconf 85' lang='lat' dir='ltr'><strong>Stoicorum</strong></span> <span class='ocrx_word' id='word_1_233' title='bbox 496 3317 582 3360; x_wconf 89' lang='lat' dir='ltr'><strong>mora</strong></span> <span class='ocrx_word' id='word_1_234' title='bbox 610 3315 757 3380; x_wconf 83' lang='lat' dir='ltr'><strong>agamus,</strong></span> <span class='ocrx_word' id='word_1_235' title='bbox 785 3299 840 3381; x_wconf 89' lang='lat' dir='ltr'><strong>qui</strong></span> <span class='ocrx_word' id='word_1_236' title='bbox 868 3295 1009 3359; x_wconf 86' lang='lat' dir='ltr'><strong>breviter</strong></span> <span class='ocrx_word' id='word_1_237' title='bbox 1036 3297 1154 3363; x_wconf 88' lang='lat' dir='ltr'><strong>astrin-</strong></span> 
     </span>
     <span class='ocr_line' id='line_1_36' title="bbox 69 3348 1153 3591; baseline -0.001 -140"><span class='ocrx_word' id='word_1_238' title='bbox 69 3348 360 3591; x_wconf 36' lang='lat' dir='ltr'><strong>agpffimpplent</strong></span> <span class='ocrx_word' id='word_1_239' title='bbox 392 3386 595 3467; x_wconf 81' lang='lat' dir='ltr'><strong>argumenta3</strong></span> <span class='ocrx_word' id='word_1_240' title='bbox 628 3383 741 3449; x_wconf 87' lang='lat' dir='ltr'><strong>deinde</strong></span> <span class='ocrx_word' id='word_1_241' title='bbox 771 3386 882 3450; x_wconf 92' lang='lat' dir='ltr'><strong>nostro</strong></span> <span class='ocrx_word' id='word_1_242' title='bbox 914 3382 1067 3450; x_wconf 88' lang='lat' dir='ltr'><strong>instituto</strong></span> <span class='ocrx_word' id='word_1_243' title='bbox 1097 3407 1153 3451; x_wconf 87' lang='lat' dir='ltr'><strong>va·</strong></span> 
     </span>
    </p>
   </div>
   <div class='ocr_carea' id='block_1_6' title="bbox 0 0 1242 3848">
    <p class='ocr_par' dir='ltr' id='par_1_9' title="bbox 0 0 1242 3848">
     <span class='ocr_line' id='line_1_37' title="bbox 0 0 1242 3848; baseline 0 3"><span class='ocrx_word' id='word_1_244' title='bbox 0 0 1242 3848; x_wconf 95' lang='lat' dir='ltr'><strong> </strong></span> 
     </span>
    </p>
   </div>
  </div>
 </body>
</html>
