2476 3848
69 3386 131 3568 ,Ἱ-

397 1380 444 1451 Μ.
474 1377 634 1450 TULLII
662 1378 907 1452 CICERONIS

218 1541 639 1629 TUSCULANARUM
671 1540 1096 1627 DISPUTATIONUM

515 1688 563 1741 ΑΙ)
583 1688 619 1740 Μ.
638 1689 791 1743 BRUTUM

491 1818 613 1878 meaa
636 1819 824 1896 cornuue,

153 1936 230 2013 QUI
253 1935 396 2000 DOOET
419 1935 644 2001 VIRTUTEM
665 1935 725 2000 AD
749 1936 893 2001 ΒΕΑΤΕ
916 1935 1164 2006 VIVENDUM

355 2037 405 2104 SE
428 2039 526 2106 IPSA
548 2039 653 2105 ESSE
678 2039 954 2107 ΟΟΝΤΕΝΤΑΜ.

478 2275 828 2336 ARGUMENTUM.

223 2390 284 2447 Hoc
297 2391 369 2446 libro
384 2389 475 2459 quinti
489 2390 546 2445 diei
559 2391 712 2460 disputatio
727 2392 897 2459 continetur,
917 2408 971 2460 que
989 2391 1163 2450 virtutem

153 2461 194 2515 ad
207 2461 307 2516 beate
320 2460 500 2515 vivendum
515 2479 548 2516 se
562 2462 637 2530 ipsa
650 2477 722 2516 esse
737 2463 931 2516 contentam
940 2461 1162 2520 demonstratur.

153 2531 194 2586 Ac
212 2530 332 2600 primum
351 2531 463 2599 quidem
481 2533 742 2586 mathematicorum
760 2548 837 2586 more
851 2531 947 2587 Cicero
966 2532 1065 2601 exiis,
1085 2552 1163 2603 quae

154 2603 218 2656 ante
251 2601 280 2655 di
314 2602 393 2656 etate
420 2604 512 2670 erant,
538 2602 661 2657 breviter
688 2602 798 2657 conficit
824 2601 869 2670 id,
898 2602 974 2671 quod
1000 2604 1163 2674 quaeram

154 2671 254 2726 deinde
273 2689 290 2727 a
327 2670 557 2741 philosophorum
574 2673 687 2727 modum
705 2672 746 2726 ita
765 2672 867 2726 dehac
882 2672 1044 2741 quaestione
1063 2674 1164 2746 dispu-

152 2745 208 2810 tat,
236 2744 379 2811 tamquam
407 2742 593 2824 superioribus
621 2742 718 2796 diebus
745 2742 816 2796 nihil
838 2741 875 2796 sit
898 2743 1067 2812 disputando
1094 2762 1163 2801 oon·

152 2813 264 2867 fectum.
310 2813 383 2867 Nam
410 2829 530 2881 primum
554 2812 687 2882 ostendit,
715 2810 739 2867 si
762 2812 872 2881 sepiem
896 2812 1024 2868 omnibus
1048 2818 1163 2883 pertur-

153 2881 313 2937 bationibus
338 2883 409 2938 liber
434 2882 482 2951 sit,
507 2899 563 2937 non
585 2899 666 2952 posse
688 2898 745 2937 non
767 2883 881 2937 beatum
904 2883 1061 2952 sapientem
1088 2901 1162 2955 esse,

155 2953 241 3020 quod,
271 2952 318 3021 qui
342 2952 449 3007 inillis
473 2953 537 3021 sint,
568 2953 663 3007 miseri
690 2953 745 3006 sint
766 2953 932 3008 necessario.
977 2952 1068 3019 Quare
1094 2973 1163 3012 cum

153 3022 242 3076 virtus
260 3023 515 3090 perturbationibus
533 3024 593 3078 sola
611 3024 724 3092 liberet,
743 3024 876 3078 virtutem
893 3023 1049 3079 necessario
1069 3027 1163 3082 solam

153 3092 266 3145 beatum
292 3093 434 3148 hominem
461 3094 571 3148 efficere
599 3098 669 3176 (cap.
699 3096 794 3163 1-6).
838 3094 871 3149 In
896 3111 950 3163 quo
977 3095 1164 3163 reprehendit

153 3163 276 3215 veterem
294 3163 524 3218 Academicorum
542 3166 571 3218 et
588 3164 838 3234 Peripateticorum
855 3164 1087 3235 inconstantiam,
1113 3169 1164 3237 qui

153 3248 216 3285 cum
242 3232 298 3286 tria
325 3250 428 3302 genera
454 3235 590 3290 bonorum
615 3235 759 3301 fecissent,
787 3235 877 3290 solam
902 3238 999 3290 tamen
1025 3235 1164 3294 virtutem

153 3302 273 3356 dixerint
292 3304 359 3357 satis
378 3305 407 3357 in
426 3321 455 3359 se
473 3306 590 3372 habere,
610 3306 708 3360 sinon
725 3305 762 3360 ad
779 3305 983 3374 beatissimam,
1006 3308 1105 3364 tamen
1123 3310 1164 3366 ad

152 3374 265 3428 beatam
288 3373 376 3428 vitam
399 3375 471 3444 (cap.
491 3378 605 3444 7-13).
653 3376 761 3431 Deinde
784 3376 879 3432 multis
902 3393 965 3430 cum
987 3393 1019 3431 ar
1087 3381 1165 3436 entis

146 3445 208 3501 tum
224 3443 359 3517 exemplis
373 3445 518 3500 hominum
532 3445 733 3501 etvitiosomm
747 3448 777 3500 et
785 3445 896 3501 virtutis
909 3446 993 3501 leude
1005 3394 1166 3507 ffitrinm
