2476 3848
477 187 717 253 ,486-

96 342 317 409 vicissitudine
334 365 446 409 eorum
464 344 574 409 mundi
591 344 780 409 continuata
792 346 911 408 natura
923 346 981 407 est.
1009 341 1102 410 Nam

97 453 137 497 ex
148 434 237 495 terra
250 453 343 515 equa,
361 453 400 496 ex
414 453 497 516 aqua
512 431 614 495 oritur
629 436 692 514 aer,
710 453 748 495 ex
762 435 835 495 atre
849 431 968 516 aether,
982 431 1102 497 deinde

97 522 275 584 retrorsum
296 519 438 583 vicissim
461 540 500 583 ex
518 520 647 583 aethere
666 524 730 601 atr,
751 517 826 582 inde
845 540 937 602 aqua,
955 539 995 582 ex
1013 540 1103 603 aqua

97 610 186 671 terra
212 607 332 672 infima.
378 605 430 671 Sic
451 606 577 671 naturis
599 605 664 688 his,
692 605 870 688 exquibus
893 606 1002 670 omnia
1024 628 1104 671 con·

98 696 196 777 stant,
219 714 329 758 sursus
348 693 489 778 deorsus,
507 694 594 758 ultro
613 693 694 757 citro
713 693 967 758 commeantibus
986 694 1104 758 mundi

46 793 79 842 85
97 781 240 864 partium
266 781 449 846 coniunctio
476 781 667 846 continetur.
711 778 800 856 Quae
823 783 881 846 aut
901 780 1104 864 sempiterna

99 869 142 934 sit
164 890 293 933 necesse
316 872 366 932 est
387 867 449 934 hoc
472 869 583 934 eodem
602 871 728 951 ornatu,
751 889 846 952 quem
862 867 1018 952 videmus,
1042 873 1104 933 aut

98 960 184 1021 certe
201 956 419 1041 perdiuturna,
436 977 628 1040 permanens
643 956 683 1020 ad
701 955 914 1040 longinquum
931 959 964 1020 et
976 955 1104 1022 inmen-

14 1079 19 1091 ·
99 1065 170 1108 sum
197 1064 298 1126 paene
325 1047 462 1127 tempus.
507 1043 649 1119 Quorum
675 1044 836 1107 utrumvis
859 1046 896 1107 ut
919 1043 971 1127 sit,
995 1045 1104 1127 sequi-

97 1133 152 1194 tur
179 1132 297 1194 natura
325 1131 479 1195 mundum
510 1130 736 1195 administrari.
786 1129 874 1205 Quae
901 1131 988 1195 enim
1018 1131 1104 1197 clas·

100 1217 183 1282 sium
201 1217 367 1302 navigatio
383 1221 440 1282 aut
454 1240 535 1302 quae
548 1218 720 1282 instructio
734 1219 892 1283 exercitus
907 1221 971 1302 aut,
985 1238 1103 1284 rursus

98 1309 135 1370 ut
154 1327 200 1389 ea,
223 1327 304 1388 quae
321 1310 439 1370 natura
457 1305 564 1390 efficit,
588 1305 798 1388 conferamus,
821 1326 903 1389 quae
915 1306 1103 1389 procreatio

98 1393 175 1458 vitis
198 1397 254 1457 aut
277 1394 411 1477 arboris,
434 1414 516 1476 quae
539 1414 635 1477 porro
659 1392 833 1457 animantis
850 1393 957 1478 figura
974 1392 1105 1459 confor-

98 1481 262 1564 matioque
280 1483 496 1545 membrorum
513 1483 641 1545 tantam
655 1484 790 1544 naturae
804 1480 985 1544 sollertiam
1000 1480 1104 1567 signi-

97 1569 188 1650 ficat,
220 1573 375 1651 quantam
405 1568 475 1652 ipse
507 1568 665 1633 mundus?
709 1567 777 1631 Aut
804 1568 907 1652 igitur
932 1566 1016 1631 nihil
1039 1572 1103 1653 est,

99 1656 185 1738 quod
208 1657 364 1721 sentiente
386 1660 503 1720 natura
524 1658 666 1741 regatur,
688 1658 744 1719 aut
766 1655 921 1719 mundum
937 1655 1010 1740 regi
1026 1676 1104 1720 con·

47 1753 81 1803 86
99 1742 254 1807 fitendum
286 1747 343 1808 est.
387 1743 532 1826 Etenim,
564 1743 619 1826 qui
650 1743 792 1827 reliquas
822 1745 957 1807 naturas
986 1764 1103 1808 omnes

98 1830 1104 1983 ἓὲἷὲωὲἒὲἱὲῖῗέἓῖ0ῖῖῒὶἶῖἣῂ’ἑῑὶἑθὲἵέῗῖἰρᾝῖἰῖαιὲξ

97 2008 216 2070 natura
238 2004 323 2068 dicat
346 2006 495 2088 existere,
512 1939 630 2089 'ipsuni
652 2007 760 2069 autem
781 1940 959 2090 hominiim,
986 2004 1038 2069 cui
1061 2027 1104 2070 ea

99 2092 248 2173 existant,
270 2112 335 2155 non
358 2095 505 2156 constare
527 2094 653 2175 natura,
674 2113 741 2157 non
758 2092 929 2176 intellegat
947 2113 993 2176 ea,
1016 2113 1102 2175 quae

99 2177 242 2243 ecferant
269 2177 390 2261 aliquid
418 2201 456 2243 ex
483 2200 566 2262 sese,
593 2179 800 2264 perfectiores
821 2179 941 2244 habere
962 2182 1102 2244 naturas

101 2287 198 2350 quam
221 2287 267 2347 ea,
290 2286 372 2348 quae
395 2266 496 2331 exiis
519 2266 709 2331 ecferantur.

47 2350 90 2416 34
166 2351 316 2418 Omnium
335 2357 443 2418 autem
461 2377 578 2438 rerum,
597 2377 678 2438 quae
692 2358 809 2419 natura
822 2353 1103 2439 administrantur,

99 2441 276 2506 seminator
309 2445 341 2505 et
375 2445 464 2507 sator
495 2446 528 2507 et
553 2464 682 2527 parens,
713 2445 750 2506 ut
776 2442 825 2506 ita
850 2442 968 2527 dicam,
1001 2444 1102 2526 atque

100 2528 251 2594 educator
273 2532 306 2593 et
329 2530 414 2594 altor
437 2533 486 2594 est
508 2532 644 2595 mundus
664 2530 833 2613 omniaque
852 2529 935 2595 sicut
953 2530 1103 2596 membra

100 2620 133 2681 et
158 2621 268 2701 partes
294 2638 368 2681 suas
391 2618 572 2682 nutricatur
594 2622 627 2683 et
650 2617 800 2682 continet.
845 2615 967 2691 Quodsi
988 2618 1104 2682 mundi

99 2708 209 2789 partes
239 2707 358 2769 natura
389 2705 668 2788 administrantur,
703 2726 832 2770 necesse
863 2708 914 2769 est
944 2704 1103 2769 mundum

98 2791 206 2875 ipsum
223 2796 341 2857 natura
360 2792 588 2876 administrari,
610 2792 698 2857 cuius
717 2792 845 2875 quidem
860 2792 1103 2857 administratio

98 2879 181 2943 nihil
203 2880 302 2945 hahet
324 2881 359 2944 in
382 2902 424 2965 se,
449 2881 534 2966 quod
550 2880 740 2965 reprehendi
757 2880 875 2965 possit3
898 2879 994 2944 exiis
1013 2879 1104 2945 enim

98 2967 234 3051 naturis,
258 2990 339 3052 quae
363 2972 463 3053 erant,
487 2969 573 3052 quod
591 2966 674 3032 effici
693 2968 852 3052 optimum
869 2967 984 3052 potuit,
1006 2966 1104 3034 effec-

47 3065 78 3114 sz
98 3058 169 3118 tum
197 3058 254 3118 est.
298 3056 422 3121 Doceat
450 3078 527 3141 crgo
556 3055 671 3139 aliquis
698 3056 841 3140 potuisse
869 3055 992 3120 melius.
1037 3051 1105 3121 Sed

98 3162 193 3205 nemo
226 3165 378 3227 umquam
407 3143 546 3227 docebit,
575 3146 608 3207 et
635 3143 664 3207 si
692 3143 763 3227 quis
790 3143 950 3229 corrigere
977 3142 1105 3227 aliquid

98 3229 200 3311 volet,
231 3234 286 3294 aut
314 3231 453 3296 deterius
478 3230 578 3296 faciet
605 3234 661 3295 aut
683 3231 728 3313 id,
759 3230 844 3315 quod
864 3230 936 3296 fieri
956 3251 1024 3296 non
1044 3252 1105 3315 po·

98 3317 211 3400 tuerit,
242 3316 444 3383 desiderabit.
489 3317 610 3393 Quodsi
639 3340 749 3383 omnes
778 3318 889 3383 mundi
915 3321 1025 3403 partes
1053 3317 1105 3385 ita

98 3405 295 3469 constitutae
315 3409 398 3489 sunt,
420 3409 458 3471 ut
476 3427 579 3490 neque
598 3405 640 3472 ad
656 3427 750 3470 usum
769 3406 917 3471 meliores
934 3405 1105 3492 potuerint

128 3511 294 3581 seneque
317 3492 359 3559 ad
382 3494 520 3580 speeiem
541 3493 754 3579 pulchriores,
783 3493 963 3581 videamus,
988 3496 1107 3563 utrum
