2476 3848
507 239 548 250 —-
594 202 746 267 464-

124 362 314 430 Carneades.
349 359 434 427 Nam
452 383 534 444 cum,
554 383 770 446 quaecumque
787 361 874 427 bona
891 361 1134 449 Peripateticis,

124 452 235 516 eadem
253 450 370 516 Stoicis
388 450 556 515 commoda
572 449 770 532 viderentur,
790 470 892 534 neque
908 455 1021 515 tamen
1039 451 1131 516 Pori·

124 539 256 623 patetici
271 539 342 622 plus
357 538 536 602 tribuerent
549 536 680 619 divitiis,
692 538 796 602 bonae
810 537 996 622 valetudini,
1010 543 1131 605 ceteris

124 629 220 691 rebus
246 626 373 712 generis
400 625 541 690 eiusdem
568 646 664 708 quam
692 624 804 707 Stoici,
834 645 906 689 oum
928 646 966 690 ea
988 648 1039 710 re,
1062 649 1132 694 non

124 714 230 779 verbis
253 714 517 798 ponderarentur,
541 735 670 778 causam
691 734 759 778 esse
782 712 955 778 dissidendi
973 715 1130 799 negabat

125 802 230 878 Quare
252 801 338 866 hunc
360 801 467 865 locum
484 805 660 865 ceterarum
679 800 920 884 disciplinarum
936 800 1130 887 philosophi

125 911 220 974 quem
244 889 284 954 ad
307 889 437 953 modum
455 888 600 954 obtinere
622 889 762 972 possint,
783 889 846 972 ipsi
868 888 1022 973 viderint,
1046 891 1129 956 mihi

124 981 234 1042 tamen
256 979 384 1062 gratum
402 979 465 1057 est,
487 975 572 1060 quod
593 977 633 1041 de
651 976 844 1059 sapientium
865 980 1022 1060 perpetua
1045 979 1129 1044 bene

124 1064 253 1215 rivqindi
269 1064 423 1128 facultate
442 1064 573 1148 dignum
590 1063 743 1147 quiddam
760 1063 1030 1147 philosophorum
1049 1088 1129 1132 voce

148 1174 184 1217 ro
208 1155 324 1216 tentur.

84 1173 146 1298 alp
192 1238 254 1305 Sed
276 1239 428 1323 quoniam
450 1261 544 1303 mane
566 1242 617 1303 est
638 1239 790 1321 eundum,
816 1239 876 1303 has
899 1239 1041 1323 quinque
1064 1241 1128 1305 dic-

124 1349 197 1393 rum
211 1327 446 1410 disputationes
460 1327 614 1391 memoria
627 1325 940 1409 comprehendamus.
966 1325 1128 1412 Equidem

125 1438 177 1480 me
194 1415 293 1480 etiam
316 1415 568 1498 conscripturum
587 1414 728 1479 arbitror
750 1413 820 1499 (ubi
838 1414 923 1478 enim
941 1415 1059 1481 melius
1077 1416 1126 1482 uti

126 1525 293 1588 possumus
320 1502 395 1586 hoo,
423 1502 610 1567 cuicuimodi
633 1505 694 1585 cst,
717 1499 834 1588 otioi),
862 1502 902 1566 ad
924 1501 1127 1589 Brutumque

125 1596 272 1657 nostrum
299 1591 359 1655 hos
385 1590 487 1655 libros
509 1591 628 1655 alteros
656 1591 794 1674 quinque
816 1589 994 1671 mittemus,
1018 1613 1127 1677 aquo

126 1700 193 1743 non
219 1679 314 1743 modo
341 1678 461 1761 inpulsi
484 1700 592 1742 sumus
613 1677 653 1742 ad
675 1677 901 1760 philosophiae
923 1678 1128 1762 scriptiones,

126 1788 238 1831 verum
260 1766 358 1830 etiam
379 1765 529 1831 lacessiti.
577 1765 616 1829 In
643 1787 706 1849 quo
734 1768 890 1849 quantum
912 1766 1028 1830 ceteris
1050 1787 1126 1849 pro·

125 1853 271 1918 futuri
245 1875 358 1934 srmus,
380 1875 447 1918 non
468 1853 562 1918 facile
581 1852 727 1934 dixerim,
748 1853 868 1917 nostris
891 1852 1021 1936 quidem
1039 1875 1128 1918 acer·

126 1941 268 2005 bissimis
299 1941 461 2006 doloribus
492 1940 653 2024 variisque
689 1902 727 2005 et
753 1941 891 2024 undique
923 1939 1125 2006 circumfusis

127 2029 265 2093 molest
228 2033 283 2094 tus
306 2028 371 2094 alia
392 2027 484 2093 nulla
504 2029 643 2112 potuit
632 2027 770 2092 inveniri
794 2028 923 2093 levatio.
