2476 3848
532 169 775 235 -506-

150 328 240 392 nium
259 327 499 393 crudelissimus
517 331 586 391 tam
605 326 659 390 diu
677 324 780 391 Cinna
798 325 968 412 regnavit?
1000 322 1047 390 Ac
1065 326 1159 391 dedit

98 418 141 484 33
151 437 281 500 poenas.
333 414 503 480 Prohiberi
534 415 649 478 melius
680 413 743 478 fuit
774 414 999 498 impedirique,
1030 435 1071 478 ne
1102 418 1159 478 tot

152 525 295 568 summos
315 503 402 568 viros
420 502 625 584 interficeret,
648 524 745 585 quam
762 502 869 586 ipsum
889 502 1061 585 aliquando
1080 524 1158 586 poe-

150 613 210 655 nas
241 591 324 654 dare.
375 588 506 654 Summo
537 590 680 655 cruciatu
709 590 931 674 supplicioque
961 588 997 665 Q.
1025 589 1158 674 Varius,

151 679 249 743 homo
272 677 587 762 importunissumus,
609 677 720 761 periit3
744 678 780 760 si,
804 677 879 761 quia
896 676 1039 742 Drusum
1057 677 1156 762 ferre,

151 766 319 830 Metellum
350 788 472 831 veneno
504 766 694 848 sustulerat,
725 765 801 829 illos
826 765 1010 830 conservari
1036 766 1155 830 melius

150 854 214 918 fuit
242 876 339 938 quam
365 875 486 939 poenas
514 853 643 917 sceleris
671 851 806 917 Varium
832 853 979 937 pendere.
1027 851 1157 917 Duode-

153 942 369 1027 quadraginta
392 963 492 1005 annos
515 941 690 1025 Dionysius
713 944 869 1024 tyrannus
892 940 954 1004 fuit
978 940 1156 1024 opulentis·

98 1043 133 1092 82
153 1052 262 1094 sumae
294 1033 327 1093 et
358 1029 575 1093 beatissumae
609 1028 764 1111 civitatis,
796 1049 893 1111 quam
924 1029 1045 1092 multos
1078 1032 1155 1093 ante

151 1117 236 1182 hune
266 1117 302 1180 in
330 1116 402 1201 ipso
431 1115 583 1181 Graeciae
609 1116 688 1180 flore
715 1114 920 1180 Pisistratus!
965 1114 1012 1179 At
1037 1114 1157 1180 Phala-

130 1205 211 1287 ris,
238 1208 272 1269 at
299 1203 517 1288 Apollodorus
545 1225 666 1288 poenas
694 1204 834 1268 sustulit.
883 1203 996 1268 Multis
1025 1204 1156 1288 quidem

152 1296 227 1357 ante
254 1292 404 1356 cruciatis
432 1294 465 1356 et
490 1291 622 1355 necatis.
665 1290 710 1356 Et
736 1291 914 1376 praedones
936 1291 1032 1355 multi
1058 1311 1155 1377 saepe

151 1401 272 1465 poenas
304 1380 395 1464 dant,
427 1398 486 1444 nec
516 1383 626 1443 tamen
656 1400 830 1463 possumus
862 1379 966 1443 dicere
992 1400 1058 1443 non
1084 1380 1156 1463 plu·

151 1469 197 1532 ris
229 1468 374 1552 captivos
404 1467 516 1531 acerbe
547 1489 643 1551 quam
674 1467 851 1551 praedones
883 1471 1022 1531 necatos
1068 1466 1155 1531 Ana-

151 1556 306 1620 xarchum
328 1555 569 1620 Democriteum
596 1577 616 1618 a
638 1553 758 1638 Cyprio
785 1558 923 1638 tyranno
952 1554 1155 1619 excarnifica-

151 1647 221 1707 tum
245 1643 433 1727 accepimus,
456 1641 728 1709 ZenonemEleae
750 1642 785 1705 in
806 1642 978 1706 tormentis
996 1644 1155 1706 necatum.

153 1731 236 1806 Quid
259 1732 362 1795 dicam
385 1731 424 1794 de
447 1729 587 1812 Socrate,
610 1730 699 1794 cuius
721 1729 820 1794 morti
842 1729 1040 1794 inlacrimari
1063 1729 1153 1793 soleo

152 1818 323 1884 Platonem
364 1818 498 1903 legens?
546 1817 688 1918 Videsne
722 1818 824 1903 igitur
860 1817 991 1882 deorum
1026 1816 1154 1901 iudicio,

100 1908 327 2084 stillat
348 1905 643 2077 qhielusiihia
658 1905 934 2058 hillidii
963 1904 1154 2077 11111ᾒῖ

154 2083 209 2165 qui
239 2081 439 2165 temporibus
471 2080 537 2143 illis
565 2081 684 2164 praedo
711 2081 790 2145 felix
816 2080 1011 2163 habebatur,
1041 2085 1155 2146 contra

153 2170 229 2232 deos
260 2167 483 2232 testimonium
515 2167 636 2251 dicere,
669 2169 754 2252 quod
780 2169 815 2232 in
840 2169 899 2233 illa
925 2168 1057 2232 fortuna
1083 2172 1154 2232 tam

153 2256 207 2319 diu
229 2256 360 2320 viveret.
396 2253 580 2339 Dionysius,
603 2255 641 2319 de
664 2277 727 2338 quo
751 2260 826 2320 ante
849 2256 923 2339 dixi,
947 2278 1019 2320 oum
1041 2256 1155 2320 fanum

152 2343 365 2428 Proserpinae
386 2342 498 2408 Locris
521 2343 741 2428 expilavisset,
763 2344 942 2431 navigabat
965 2341 1155 2427 Syracusas3

152 2431 243 2584 iqqup
266 2453 338 2583 qum
361 2431 600 2583 secundispumo
623 2434 719 2531 rento
743 2453 874 2582 oursunlr)
888 2434 1039 2583 teneret,d
1044 2431 1153 2531 ridens

203 2541 370 2583 1e1sne
417 2542 508 2583 mur
572 2539 683 2583 amrcr
746 2541 831 2583 uam
881 2541 995 2583 onaa
1042 2540 1155 2582 11111-

151 2542 608 2692 mortalibus'naiig'atio
633 2540 838 2691 sadrilegis
863 2606 1012 2672 detur‘?'
1053 2605 1155 2690 quue

151 2696 249 2760 homo
269 2699 381 2760 acutus
401 2717 473 2759 oum
491 2694 571 2758 bene
590 2695 749 2779 planeque
766 2695 971 2779 percepisset,
989 2694 1024 2759 in
1041 2695 1155 2760 eadem

152 2784 313 2848 sententia
343 2782 579 2868 perseverabat.
629 2780 690 2855 Qui
722 2804 794 2846 cum
826 2783 867 2846 ad
894 2781 1155 2867 Peloponnesum

153 2873 290 2936 classem
313 2871 491 2955 appulisset
510 2873 542 2933 et
560 2869 595 2933 in
612 2869 724 2933 fanum
741 2869 882 2934 venisset
900 2869 987 2934 Iovis
1002 2870 1154 2955 Olympii,

153 2981 285 3023 aureum
317 2959 347 3022 ei
379 2957 518 3022 detraxit
550 2956 724 3021 amiculum
756 2957 870 3042 grandi
900 2958 1054 3042 pondere,
1089 2979 1154 3042 quo

151 3044 262 3109 Iovem
285 3049 417 3110 ornarat
440 3067 457 3109 e
475 3044 636 3109 manubiis
656 3043 979 3130 Karthaginiensium
996 3050 1155 3129 tyrannus

152 3131 247 3216 Gelo,
277 3137 374 3215 atque
400 3133 435 3196 in
457 3154 494 3197 eo
519 3133 618 3196 etiam
640 3132 811 3198 cavillatus
834 3135 885 3196 est
908 3136 1031 3197 aestate
1055 3155 1155 3220 grave

153 3239 222 3282 esse
246 3242 377 3283 aureum
401 3220 583 3304 amiculum,
605 3219 711 3284 hieme
729 3219 892 3304 frigidum,
916 3220 1008 3303 eique
1025 3221 1156 3286 laneum

144 3307 288 3399 pallium
319 3307 441 3390 iniecit,
474 3330 547 3372 oum
578 3307 612 3371 id
643 3328 712 3372 esse
744 3312 857 3391 aptum
889 3307 930 3371 ad
957 3329 1051 3372 omne
1079 3309 1156 3373 anni

61 3388 280 3627 xmpus
304 3395 431 3459 diceret,
467 3393 620 3480 Idemque
641 3394 827 3479 Aesculapii
844 3393 1001 3480 Epidauri
1019 3395 1157 3461 barbam

117 3535 139 3616 d

193 3506 282 3548 ream
310 3482 395 3547 demi
421 3482 530 3566 iussit3
556 3504 660 3567 neque
684 3482 768 3547 enim
790 3482 960 3547 convenire
982 3482 1158 3550 barbatum
