2476 3848
499 176 736 242 -529-

103 332 312 421 tranquillae,
332 337 471 422 quietae,
489 338 603 402 beatae
622 336 707 401 vitae
726 332 919 398 deduceret?
952 332 1013 409 Qui
1033 334 1117 417 quod

100 418 161 484 tibi
179 443 298 505 parum
317 425 447 491 videtur
465 426 619 510 eruditus,
638 447 676 489 ee
694 445 791 489 causa
811 425 869 506 est,
888 421 973 506 quod
992 422 1116 486 nullam

98 509 319 578 eruditionem
342 537 413 580 esse
437 515 542 600 duxit,
569 515 634 579 nisi
662 534 743 599 quae
769 511 884 576 beatae
912 510 998 574 vitae
1021 510 1115 575 disci·

97 595 224 679 plinam
252 601 391 670 iuvaret.
436 606 490 669 An
518 604 574 669 ille
601 607 728 686 tempus
756 603 811 664 aut
837 600 872 663 in
897 597 1002 682 po'e'tis
1030 600 1114 664 evol·
1134 615 1169 667 vr

97 685 227 773 vendis,
250 693 289 754 ut
312 712 375 776 ego
399 695 433 756 et
455 692 601 757 Triarius
625 697 657 756 te
680 691 846 756 hortatore
868 686 1017 768 facimus,
1041 708 1114 751 con-

97 780 254 858 sumeret,
290 779 326 844 in
363 781 482 866 quibus
519 782 610 846 nulla
646 779 748 845 solida
784 775 908 841 utilitas
944 774 1112 860 omnisque

95 863 234 943 puerilis
264 871 315 933 est
344 867 530 954 delectatio,
559 873 616 934 eut
643 890 689 952 se,
716 871 753 931 ut
774 863 882 948 Plato,
909 863 944 928 in
971 864 1111 946 musicis,

96 954 288 1040 geometria,
311 959 467 1041 numeris,
490 959 588 1023 astris
611 958 798 1038 contereret,
821 974 903 1037 quae
926 953 959 1018 et
978 974 998 1017 a
1019 952 1110 1017 falsis

95 1036 200 1104 initiis
233 1043 384 1125 profecta
416 1067 494 1110 vera
523 1068 593 1112 esse
622 1067 687 1111 non
709 1044 845 1128 possunt
872 1045 918 1125 et,
946 1041 975 1107 si
1002 1045 1111 1106 essent

94 1147 181 1212 vera,
203 1130 289 1195 nihil
314 1133 477 1218 afferrent,
500 1155 564 1218 quo
583 1132 762 1216 iucundius,
784 1132 817 1196 id
840 1134 973 1215 estque
994 1130 1109 1196 melius

93 1213 288 1304 viveremus,
311 1242 366 1285 eas
386 1242 464 1306 ergo
482 1227 568 1287 artes
587 1223 841 1306 persequeretur,
859 1219 988 1284 vivendi
1006 1223 1108 1285 artem

93 1304 221 1370 tantam
244 1310 379 1393 tamque
398 1331 569 1393 operosam
591 1314 624 1375 et
641 1310 772 1394 perinde
794 1308 994 1373 fructuosam
1012 1308 1109 1372 relin-

92 1394 230 1474 queret?
266 1395 344 1462 Non
367 1417 445 1481 ergo
467 1397 630 1481 Epicurus
649 1397 836 1480 ineruditus,
860 1395 917 1461 sed
933 1395 958 1460 ii
975 1395 1107 1478 indocti,

92 1479 162 1564 qui,
191 1503 275 1566 quae
302 1505 420 1568 pueros
448 1507 515 1550 non
543 1485 693 1551 didicisse
719 1490 812 1570 turpe
840 1488 902 1569 est,
930 1505 968 1549 ea
988 1487 1107 1568 putant

91 1586 195 1652 usque
214 1571 256 1635 ad
275 1575 474 1637 senectutem
493 1595 564 1639 esse
583 1574 742 1640 discenda.
775 1574 863 1650 Quae
877 1593 949 1639 cum
964 1571 1105 1654 dixisset,

90 1652 274 1742 Explicavi,
293 1660 407 1745 inquit,
427 1663 624 1726 sententiam
643 1684 758 1748 meam,
776 1665 808 1727 et
827 1683 864 1729 eo
883 1660 1011 1746 quidem
1032 1681 1105 1726 con·

91 1741 176 1825 silio,
190 1749 283 1811 tuum
297 1748 451 1813 iudicium
466 1753 503 1814 ut
517 1771 754 1835 cognoscerem,
770 1772 851 1835 quae
865 1749 946 1815 mihi
959 1749 1104 1832 facultas,

88 1834 126 1893 ut
148 1831 182 1896 id
206 1856 278 1901 meo
302 1836 462 1901 arbitratu
486 1837 640 1924 facerem,
668 1844 744 1904 ante
771 1838 832 1905 hoc
860 1843 987 1924 tempus
1013 1860 1104 1903 nunr-

88 1939 187 2002 quam
210 1927 261 1987 est
283 1923 368 1990 data.

133 3598 315 3654 wetbertus,
329 3600 375 3647 cte
388 3594 505 3659 pullularu-
519 3605 634 3661 eduino.
899 3108 1171 3635 J
