2476 3848
472 191 711 256 -291-

81 350 179 414 lunae
206 348 310 413 multo
338 350 414 412 ante
439 348 535 413 nobis
557 350 753 433 praedicere!
799 349 882 426 Quid
904 351 939 415 in
961 350 1087 418 leviori·
1105 373 1139 424 50

82 437 144 502 bus
167 435 297 519 studiis,
325 435 381 499 sed
408 438 518 500 tamen
541 437 666 502 acutis?
693 460 790 521 quam
813 438 976 524 gaudebat
998 440 1086 506 bello

83 546 141 589 suo
164 523 285 589 Punico
307 521 463 588 Naevius!
487 545 585 607 quam
607 525 802 591 Truculento
820 525 965 610 Plautus,
989 550 1086 611 quam

81 612 255 676 Pseudolo!
300 610 378 675 Vidi
404 611 503 675 etiam
535 633 644 677 senem
671 613 811 697 Livium3
844 614 900 698 qui
931 637 1004 679 cum
1030 637 1086 680 sex

83 700 175 766 annis
199 703 288 782 ante,
315 721 413 782 quam
440 720 501 785 ego
523 703 620 764 natus
643 722 728 785 sum,
756 700 902 767 fabulam
925 701 1086 769 docuisset

83 787 226 853 Centone
250 786 474 870 Tuditanoque
496 788 694 872 consulibus,
716 811 818 872 usque
841 790 882 854 ad
904 791 1085 856 adulescen-

81 877 162 940 tiam
185 897 291 939 meam
313 875 471 958 processit
490 878 606 941 aetate.
647 874 731 951 Quid
749 876 787 940 de
805 876 840 941 P.
859 877 962 942 Licini
976 877 1087 943 Crassi

82 968 115 1028 et
133 963 291 1047 pontificii
308 967 342 1027 et
360 963 464 1028 civilis
482 963 562 1027 iuris
581 964 688 1028 studio
711 964 827 1048 loquar
850 969 906 1030 aut
929 966 967 1030 de
990 966 1085 1031 huius

81 1051 115 1115 P.
140 1049 314 1135 Scipionis,
337 1050 393 1134 qui
415 1050 467 1115 his
489 1051 600 1135 paucis
623 1052 735 1116 diebus
758 1053 904 1137 pontifex
926 1054 1086 1119 maximus

81 1140 187 1204 factus
215 1139 287 1203 cst?
332 1140 441 1221 Atque
472 1160 526 1203 eos
558 1157 683 1222 omnes,
716 1161 796 1222 quos
829 1142 1086 1226 commemoravi,

81 1227 133 1291 his
162 1226 278 1291 studiis
305 1225 481 1311 flagrantes
509 1248 601 1291 senes
628 1227 780 1310 vidimus3
806 1227 849 1292 M.
872 1250 948 1294 vcro
973 1229 1086 1295 Cethe-

44 1396 46 1401 ·
82 1337 169 1400 gum,
192 1336 287 1397 quem
309 1317 396 1378 recte
419 1310 581 1378 ‘Suadae
604 1314 826 1379 medullam'
851 1316 932 1379 dixit
951 1317 1086 1401 Ennius,

83 1405 204 1485 quanto
237 1401 343 1466 studio
377 1401 516 1465 exerceri
546 1401 580 1465 in
612 1401 744 1466 dicendo
771 1402 959 1467 videbamus
986 1405 1086 1468 etiam

83 1491 204 1553 senem!
241 1488 329 1565 Quae
352 1492 428 1552 sunt
450 1488 552 1573 igitur
575 1488 743 1573 epularum
768 1493 824 1553 aut
851 1490 1001 1554 ludorum
1029 1495 1085 1555 aut

83 1580 264 1642 scortorum
295 1577 480 1660 voluptates
513 1599 585 1641 cum
616 1576 668 1641 his
699 1577 923 1660 voluptatibus
959 1600 1085 1662 compa-

81 1665 222 1729 randae?
266 1663 376 1748 Atque
398 1664 477 1728 hacc
505 1664 633 1747 quidem
661 1665 768 1728 studia
795 1665 972 1748 doctrinam
1002 1687 1085 1750 quae

83 1753 211 1835 quidem
241 1751 454 1836 prudentibus
487 1755 519 1816 et
550 1752 631 1816 bene
666 1752 827 1816 institutis
858 1752 981 1837 pariter
1012 1775 1084 1818 cum

82 1844 188 1905 aetate
212 1844 371 1924 crescunt,
398 1843 435 1903 ut
457 1839 630 1905 honestum
651 1840 734 1904 illud
756 1838 884 1906 Solonis
913 1841 970 1924 sit,
999 1840 1086 1925 quod

82 1928 128 1991 ait
151 1928 310 1992 versiculo
330 1927 478 2011 quodam,
499 1932 536 1991 ut
555 1931 630 1992 ante
648 1928 723 2012 dixi,
746 1950 909 1993 senescere
929 1950 963 1992 se
981 1929 1085 1992 multa

81 2015 116 2078 in
139 2015 205 2080 dics
229 2015 463 2099 addiscentem,
486 2037 549 2098 qua
571 2015 739 2100 voluptate
763 2016 863 2082 animi
884 2017 976 2081 nulla
998 2021 1084 2081 certe

82 2106 192 2186 potest
214 2124 284 2167 esse
305 2103 417 2168 maior.

147 2188 251 2254 Venio
273 2212 359 2255 nunc
377 2190 417 2254 ad
435 2189 620 2274 voluptates
640 2191 866 2276 agricolarum,
890 2192 1005 2276 quibus
1024 2213 1084 2277 ego

82 2276 312 2342 incredibiliter
335 2278 491 2359 delector3
519 2299 600 2360 quae
627 2300 686 2343 nce
707 2278 775 2342 ulla
798 2279 1015 2362 impediuntur
1039 2301 1084 2344 se-

81 2368 211 2428 nectute
239 2370 272 2429 et
298 2364 379 2428 mihi
402 2365 442 2430 ad
465 2364 620 2448 sapientis
643 2365 746 2429 vitam
768 2367 913 2449 proxime
935 2367 1084 2431 videntur

82 2452 239 2517 accedere.
269 2451 401 2516 Habent
415 2452 501 2516 enirn
514 2452 674 2517 rationem
692 2474 765 2516 cum
783 2456 879 2535 terra,
898 2473 979 2534 quae
994 2475 1084 2517 num-

82 2562 179 2622 quam
197 2544 325 2605 recusat
342 2540 514 2625 imperium
531 2560 590 2604 nec
607 2561 761 2623 umquam
776 2539 844 2603 sine
858 2561 957 2603 usura
970 2539 1084 2623 reddit,

82 2628 167 2711 quod
185 2627 317 2712 accepit,
336 2627 392 2692 sed
411 2626 492 2692 alias
511 2627 643 2708 minore,
663 2627 852 2710 plerumque
871 2625 992 2690 meiere
1011 2648 1084 2690 cum

80 2715 219 2781 faenore.
265 2712 468 2799 Quamquam
494 2737 546 2779 me
574 2714 705 2798 quidem,
728 2735 795 2778 non
824 2713 949 2777 fructus
979 2713 1084 2797 modo,

82 2803 137 2865 sed
160 2803 259 2867 etiam
281 2803 383 2887 ipsius
407 2807 512 2867 terrae
535 2801 584 2866 vis
609 2823 645 2866 ac
667 2804 784 2866 natura
807 2801 954 2864 delectat.
995 2797 1083 2874 Quae

80 2911 153 2953 cum
181 2890 304 2974 gremio
331 2890 460 2955 mollito
489 2911 526 2954 ac
554 2889 687 2954 subacto
717 2910 865 2973 sparsum
897 2907 1006 2951 semen
1034 2909 1084 2951 ex-

80 2975 174 3060 cepit,
196 2977 337 3061 primum
360 2978 393 3041 id
416 2980 619 3043 occaecatum
642 2976 779 3058 cohibet,
803 2998 841 3039 ex
865 2995 927 3059 quo
952 2975 1083 3061 occatio,

80 3086 162 3147 quae
185 3064 247 3130 hoc
270 3065 378 3150 efficit,
400 3065 567 3130 nominata
590 3068 653 3146 est,
676 3063 788 3127 deinde
811 3061 1008 3147 tepefactum
1030 3086 1084 3129 va·

1097 2165 1138 2290 a

78 3262 117 3304 ex
144 3262 182 3306 eo
210 3241 424 3324 viriditatem,
452 3260 533 3323 quae
560 3239 636 3303 nixa
663 3238 754 3302 fibris
784 3238 935 3323 stirpium
963 3239 1083 3305 sensim

78 3328 235 3395 adulescit
253 3330 422 3412 culmoque
440 3330 546 3393 erecta
565 3326 749 3412 geniculato
768 3326 895 3412 vaginis
909 3326 975 3391 iam
989 3326 1084 3411 quasi

76 3417 254 3499 pubescens
277 3416 465 3500 includitur3
495 3436 533 3478 ex
560 3413 676 3498 quibus
704 3434 777 3479 cum
804 3414 949 3498 emersit,
975 3412 1084 3479 fundit

76 3503 205 3589 frugem
232 3503 314 3589 spici
340 3502 451 3569 ordine
478 3505 636 3568 structam
659 3505 693 3569 et
715 3505 828 3577 contra
851 3501 959 3567 arium
981 3500 1084 3567 mino·

78 3174 156 3236 pore
180 3158 213 3217 ct
235 3175 422 3238 compressu
439 3174 496 3217 suo
516 3150 665 3215 diffundit
684 3154 716 3215 et
734 3151 822 3216 elicit
838 3150 1083 3218 herbescentem

861 3590 917 3650 {V
1102 3174 1168 3632 s
