2476 3848
528 207 568 217 -
615 171 768 236 302-

151 335 246 399 illuc
269 334 408 417 omnia,
431 333 527 397 unde
550 336 636 398 orta
659 335 761 416 sunt,
784 332 931 396 animus
951 334 1080 396 autem
1099 353 1158 397 so·

151 423 226 505 lus,
252 443 320 486 nec
342 444 423 487 cum
450 421 560 486 adest
581 442 648 485 nec
671 442 752 485 cum
776 419 953 501 discedit,
984 423 1157 503 apparet.

150 508 230 573 Iam
253 531 342 574 vero
365 508 509 574 videtis
532 508 634 572 nihil
664 529 747 572 esse
774 507 891 572 morti
917 510 995 570 tam
1027 507 1157 572 simile

100 611 132 661 81
153 619 263 680 quam
283 618 463 660 somnum.
509 594 629 679 Atqui
652 595 927 663 dormientium
946 593 1064 658 animi
1082 617 1157 659 ma-

151 685 250 748 xime
274 684 474 749 declarant
496 683 744 748 divinitatem
766 704 885 765 suam,
903 683 1024 746 multa
1047 683 1156 766 enim,

152 794 235 836 cum
258 772 411 836 remissi
431 774 468 834 et
487 771 603 834 liberi
622 774 726 852 sunt,
748 769 882 833 futura
899 769 1156 853 prospiciunt.

132 859 207 925 'Ex
235 881 306 942 quo
334 858 597 943 intellegitur,
630 858 763 941 quales
795 857 920 921 futuri
947 857 1039 939 sint,
1072 879 1156 922 cum

153 968 193 1010 se
211 947 324 1029 plane
343 949 518 1029 corporis
533 946 700 1010 vinculis
718 944 991 1009 relaxaverint.
1016 943 1156 1028 Quare,

153 1033 185 1097 si
216 1034 307 1098 haec
338 1033 395 1098 ita
426 1037 526 1116 sunt,
559 1033 613 1099 sic
644 1055 699 1097 me
727 1031 915 1115 colitote',
945 1033 1066 1116 inquit,
1098 1032 1156 1097 ‘ut

152 1121 272 1203 deum,
295 1120 355 1185 sin
376 1128 450 1185 una
472 1125 531 1185 est
554 1121 787 1185 interiturus
807 1120 954 1184 animus
974 1142 1055 1184 oum
1075 1142 1156 1184 cor-

151 1229 255 1292 pore,
279 1230 344 1272 vos
372 1213 498 1272 tamen
526 1209 615 1272 deos
642 1212 833 1291 verentes,
866 1208 930 1290 qui
956 1207 1053 1272 hanc
1081 1229 1155 1272 om-

151 1318 236 1359 nem
257 1296 585 1380 pulchritudinem
607 1300 765 1360 tuentur
788 1298 825 1359 et
843 1298 996 1380 regunt,
1019 1317 1156 1360 memo-

151 1383 247 1447 riam
270 1384 396 1448 nostri
418 1384 479 1468 pie
497 1384 760 1466 inviolateque
779 1382 1012 1447 servabitis?
1051 1381 1155 1466 Cyrus

122 1471 280 1580 3quidem
303 1472 383 1536 haec
403 1471 557 1555 moriens,
580 1493 648 1554 nos,
668 1472 695 1535 si
714 1473 828 1555 placet,
846 1474 961 1535 nostra
978 1471 1154 1535 videamus.

100 1596 132 1645 82
151 1558 255 1623 Nemo
279 1581 432 1642 umquam
454 1559 543 1642 mihi,
570 1557 690 1644 Scipio,
717 1559 924 1642 persuadebit
946 1562 1003 1623 aut
1025 1562 1155 1643 patrem

152 1649 245 1710 tuum
267 1646 405 1711 Paulum
428 1651 484 1711 aut
507 1647 586 1711 duos
615 1668 707 1730 aum,
735 1646 873 1711 Paulum
901 1650 934 1710 et
956 1646 1155 1730 Africanum,

152 1738 209 1798 aut
227 1733 374 1799 Africani
390 1738 517 1817 patrem
536 1738 592 1798 aut
610 1738 762 1817 patruum
781 1738 838 1798 aut
854 1734 975 1798 multos
988 1737 1154 1817 praestan·

152 1825 201 1885 tes
224 1822 320 1905 viros,
344 1843 424 1904 quos
448 1843 633 1885 enumerare
651 1843 717 1885 non
740 1825 790 1884 est
807 1843 949 1907 necesse,
972 1824 1066 1885 tanta
1084 1843 1155 1887 esse

152 1913 298 1990 conatos,
331 1929 413 1991 quae
436 1908 477 1970 ad
503 1908 705 1991 posteritatis
733 1909 922 1973 memoriam
945 1909 1160 1993 pertinerent,

151 1996 214 2059 nisi
237 1996 344 2059 animo
372 1999 538 2059 cernerent
565 1997 789 2078 posteritatem
817 1996 859 2060 ad
883 2018 917 2061 se
944 1997 1032 2081 ipsos
1056 1997 1154 2080 perti·

151 2104 235 2145 nere.
280 2080 334 2146 An
356 2104 475 2165 censes,
497 2087 534 2146 ut
557 2083 595 2146 de
619 2105 670 2147 me
692 2084 762 2168 ipse
786 2084 908 2167 aliquid
931 2106 1020 2151 more
1040 2105 1154 2148 senum

151 2170 280 2253 glorier,
303 2191 354 2232 me
378 2172 488 2233 tantos
511 2171 639 2235 labores
659 2171 791 2237 diurnos
808 2176 1046 2254 nocturnosque
1066 2172 1154 2236 domi

151 2256 349 2340 militiaeque
373 2261 597 2340 suscepturum
623 2259 737 2343 fuisse,
764 2260 792 2322 si
814 2258 916 2322 isdem
942 2259 1061 2322 finibus
1085 2260 1154 2343 glo·

150 2344 233 2407 riam
247 2367 361 2427 meam,
382 2345 499 2427 quibus
513 2346 623 2429 vitam,
643 2368 746 2410 essem
759 2346 1013 2411 terminaturus?
1036 2344 1154 2412 Nonne

151 2432 265 2495 melius
290 2433 393 2496 multo
416 2433 532 2498 fuisset
551 2434 690 2498 otiosam
708 2437 849 2498 aetatem
868 2436 901 2496 et
920 2433 1064 2517 quietam
1084 2434 1154 2498 sine

149 2520 217 2584 ullo
241 2523 298 2584 aut
315 2521 427 2584 labore
446 2525 502 2584 aut
521 2522 725 2585 contentione
743 2522 933 2586 traducere?
964 2519 1028 2586 Sed
1043 2522 1152 2587 nescio

150 2629 213 2690 quo
237 2607 332 2672 modo
356 2608 481 2673 animus
505 2608 631 2693 erigens
656 2631 689 2673 se
711 2605 937 2693 posteritatem
958 2609 1007 2672 ita
1026 2631 1154 2694 semper

148 2695 376 2780 prospiciebat,
399 2695 500 2778 quasi,
524 2718 596 2760 cum
620 2697 808 2761 excessisset
831 2719 847 2760 e
870 2696 947 2781 vita,
973 2700 1043 2761 tum
1067 2696 1154 2761 deni·

150 2804 211 2865 que
234 2783 377 2848 victurus
400 2786 493 2846 esset.
539 2782 631 2858 Quod
660 2785 788 2868 quidem
815 2785 848 2848 ni
875 2784 924 2848 ita
945 2806 980 2849 se
1007 2785 1153 2870 haberet,

148 2874 185 2933 ut
200 2871 299 2934 animi
308 2871 498 2935 inmortales
507 2875 625 2954 essent,
639 2871 725 2935 haud
736 2872 850 2954 optimi
860 2872 1014 2954 cuiusque
1026 2872 1153 2937 animus

96 2971 130 3021 83
149 2957 288 3021 maxime
307 2958 348 3021 ad
365 2958 635 3023 inmortalitatem
655 2962 686 3022 et
701 2959 840 3044 gloriam
852 2959 1019 3024 niteretur.
1048 2957 1153 3035 Quid?

150 3042 235 3125 quod
259 3045 517 3126 sapientissimus
544 3046 679 3129 quisque
707 3046 901 3129 aequissimo
926 3046 1034 3110 animo
1058 3047 1154 3111 mori-

148 3133 216 3211 tur,
245 3132 457 3197 stultissimus
484 3133 701 3216 iniquissimo,
728 3155 834 3199 nonne
854 3133 947 3199 vobis
970 3133 1098 3200 videtur
1124 3134 1154 3198 is

149 3216 284 3300 animuS,
308 3219 363 3299 qui
386 3221 458 3304 plus
483 3225 592 3285 cernat
615 3225 648 3285 et
669 3221 813 3307 longius,
835 3222 944 3287 videre
967 3243 1002 3287 se
1025 3222 1066 3286 ad
1089 3243 1155 3286 me·

149 3304 232 3367 liora
258 3306 431 3388 proficisci,
463 3308 519 3371 ille
543 3310 664 3391 autem,
695 3309 785 3375 cuius
813 3309 960 3376 obtusior
987 3309 1031 3374 sit
1058 3309 1154 3393 acies,

147 3412 213 3454 non
244 3391 374 3457 videre?
409 3392 569 3476 Equidem
601 3396 716 3461 efferor
747 3396 855 3461 studio
882 3401 992 3482 patres
1015 3399 1154 3481 vestros,

67 3438 229 3634 ⁸Nquos
257 3480 343 3544 colui
370 3483 403 3546 et
430 3480 541 3567 dilexi,
571 3483 713 3570 videndi,
744 3506 848 3570 neque
875 3504 951 3550 vero
979 3503 1034 3550 eos
1063 3484 1154 3550 solos
