2476 3848
485 160 723 227 ,543-

99 331 230 400 norum,
257 318 431 404 eademque
459 321 562 388 oritur
585 322 683 388 etiam
706 344 744 389 ex
765 324 823 389 illo
846 346 941 410 saepe
964 327 1100 411 optima·

100 403 194 468 tium
205 407 354 489 praclaro
374 411 471 494 statu,
494 431 566 474 cum
584 411 672 495 ipsos
690 412 849 496 principes
868 414 976 497 aliqua
993 414 1099 498 pravi·
1176 421 1177 424 ’

28 558 30 560 ,
99 494 151 576 tas
175 491 213 556 de
236 493 289 558 via
312 495 448 561 deflexit.
488 495 541 563 Sic
562 501 729 583 tamquam
748 500 849 586 pilam
866 501 995 586 rapiunt
1013 501 1098 566 inter

101 599 135 642 se
157 580 204 643 rei
226 582 375 664 publicae
399 588 522 650 statum
544 587 681 670 tyranni
697 587 737 653 ab
759 589 898 674 regibus,
921 589 961 654 ab
983 589 1025 653 iis
1044 610 1098 654 au·

99 670 167 730 tem
188 669 349 760 principes
373 676 429 736 aut
451 674 578 758 populi,
605 675 761 759 aquibus
785 680 840 740 aut
861 676 1016 741 factiones
1041 680 1098 741 aut

100 755 252 908 tyranni,l
269 780 327 823 nec
350 759 470 824 diutius
493 783 646 846 umquam
669 765 796 828 tenetur
817 763 903 828 idem
924 764 971 827 rei
991 764 1096 848 publi·

99 863 154 906 cae
176 865 229 908 mo
253 866 299 909 us.

165 928 257 1005 Quod
274 933 322 998 ita
341 956 414 1000 cum
435 936 486 1020 sit,
504 956 541 1002 ca
557 937 663 1002 tribus
681 938 794 1022 primis
813 938 981 1024 generibus
999 905 1147 1031 longe‘{{

98 1021 243 1101 praestat
270 1042 343 1085 mea
366 1024 526 1088 sententia
548 1025 688 1109 regium,
712 1024 716 1108 Ι
740 1025 829 1112 regio
853 1029 961 1090 autem
984 1026 1024 1106 [p.
1045 1042 1095 1090 134

98 1104 162 1189 ipsi
183 1109 365 1190 praestabit
386 1110 429 1194 id,
452 1112 536 1195 quod
559 1112 622 1176 erit
641 1117 813 1196 aequatum
831 1117 864 1178 et
882 1116 1095 1198 temperatum

99 1194 255 1259 extribus
270 1197 403 1281 optimis
417 1221 523 1263 rerum
536 1198 739 1283 publicarum
753 1201 864 1265 modis.
886 1200 997 1265 Placet
1011 1200 1095 1265 enim

98 1301 167 1345 csse
190 1283 343 1366 quiddam
365 1285 456 1350 inre
478 1286 607 1371 publica
628 1290 797 1370 praestans
821 1291 853 1350 et
875 1289 997 1372 regale,
1025 1309 1094 1352 esse

99 1368 186 1433 aliud
219 1372 407 1437 auctoritati
437 1373 618 1458 principum
644 1373 834 1457 inpartitum
862 1395 899 1438 ac
927 1374 1093 1457 tributum,

99 1476 168 1520 esse
196 1459 352 1540 quasdam
379 1482 430 1525 res
458 1463 601 1525 servatas
629 1460 745 1524 iudicio
768 1461 990 1543 voluntatique
1013 1461 1092 1524 mul-

96 1543 252 1610 titudinis.
297 1545 387 1612 Haec
414 1547 601 1613 constitutio
627 1547 767 1631 primum
793 1547 892 1611 habet
919 1547 1091 1630 aequabili-

95 1633 199 1695 tatem
222 1633 383 1716 quandam
405 1655 565 1720 magnam,
588 1656 651 1717 qua
674 1655 780 1699 carere
804 1634 922 1698 diutius
944 1636 998 1698 vix
1019 1656 1092 1719 pos-

96 1723 171 1782 sunt
198 1717 315 1807 libessri,
343 1722 454 1786 deinde
475 1722 716 1804 firmitudinem,
740 1720 824 1804 quod
847 1725 879 1785 et
900 1721 958 1785 illa
981 1723 1020 1800 [p.
1041 1736 1090 1786 163

94 1806 200 1890 prima
217 1807 313 1872 facile
331 1809 366 1873 in
383 1809 543 1874 contraria
560 1809 640 1873 vitia
660 1811 897 1892 convertuntur,
919 1811 956 1871 ut
973 1809 1091 1872 existat

95 1914 135 1957 ex
147 1915 223 1980 rege
239 1896 395 1981 dominus,
410 1919 447 1960 ex
462 1897 672 1981 optimatibus
685 1895 794 1978 factio,
808 1916 846 1959 ex
860 1895 979 1980 populo
994 1895 1091 1959 turba

95 1985 128 2045 et
151 1981 304 2066 confusio,
328 1983 475 2067 quodque
492 1984 564 2069 ipsa
583 2004 700 2069 genera
718 1983 887 2069 generibus
907 2004 1000 2067 saepe
1019 2005 1090 2048 con-

94 2072 262 2134 mutantur
288 2071 394 2155 novis,
421 2072 538 2137 hocin
560 2071 621 2137 hac
643 2072 752 2136 iuncta
774 2070 999 2155 moderateque
1021 2092 1091 2156 per-

93 2157 196 2221 mixta
219 2157 472 2222 conformatione
494 2159 542 2222 rei
563 2158 712 2243 publicae
734 2180 800 2223 non
821 2158 921 2223 ferme
940 2159 1008 2223 sine
1027 2181 1092 2224 ma·

95 2244 167 2330 gnis
199 2244 380 2329 principum
410 2245 499 2310 vitiis
531 2246 645 2309 evenit.
694 2244 769 2309 Non
801 2249 850 2309 est
882 2246 966 2309 enim
996 2268 1092 2311 causa

94 2332 325 2414 conversionis,
352 2331 407 2395 ubi
434 2331 468 2394 in
495 2351 552 2395 suo
577 2330 582 2413 Ι
606 2332 740 2414 quisque
770 2335 820 2395 est
850 2331 951 2416 gradu
979 2335 1018 2411 [p.
1039 2349 1090 2397 164

93 2420 230 2484 firmiter
257 2420 433 2485 collocatus
463 2421 496 2482 et
517 2438 583 2482 non
605 2418 728 2502 subest,
756 2438 818 2500 quo
841 2419 1030 2503 praecipitet
1053 2441 1089 2483 ac

94 2507 228 2572 decidat.

160 2592 221 2658 Sed
248 2615 373 2677 vereor,
401 2593 492 2658 Laeli
518 2614 638 2676 vosque
665 2592 810 2657 homines
838 2592 1023 2658 amicissimi
1040 2557 1140 2684 acii}

92 2681 343 2765 prudentissimi,
361 2702 410 2764 ne,
428 2681 456 2744 si
475 2680 594 2745 diutius
612 2679 646 2744 in
658 2679 720 2746 hoc
734 2700 849 2765 genere
863 2701 980 2763 verser,
995 2682 1087 2764 quasi

92 2768 320 2852 praecipientis
351 2767 515 2832 cuiusdam
542 2772 575 2833 et
602 2767 744 2832 docentis
765 2772 804 2833 ,et
830 2788 896 2832 non
922 2767 1088 2833 vobiscum

93 2855 189 2918 simul
212 2855 443 2919 considerantis
466 2877 535 2920 esse
561 2854 707 2921 videatur
735 2855 838 2920 oratio
860 2875 940 2919 mea.
985 2854 1088 2930 Quam

93 2941 133 3004 ob
166 2961 234 3004 rem
262 2942 427 3026 ingrediar
457 2943 493 3006 in
523 2964 573 3026 ea,
605 2963 685 3026 quae
717 2945 795 3007 nota
826 2945 901 3006 sunt
931 2943 1088 3028 omnibuS,

92 3027 239 3110 quaesita
266 3032 374 3092 autem
403 3051 422 3093 a
448 3029 541 3093 nobis
568 3030 633 3092 iam
656 3029 718 3094 diu.
763 3026 814 3093 Sic
837 3029 922 3093 enim
945 3029 966 3095 d

92 3115 138 3180 sic
158 3113 162 3196 Ι
183 3115 296 3198 sentio,
319 3115 366 3180 sic
389 3115 532 3199 adfirmo,
553 3116 677 3180 nullam
695 3117 837 3196 omnium
854 3138 929 3182 reru

91 3201 293 3287 publicarum
315 3206 372 3266 aut
394 3203 621 3268 constitutione
644 3206 700 3269 aut
722 3202 932 3290 discriptione
940 3222 949 3241 ’-

92 3289 210 3373 ciplina
233 3288 457 3353 conferendam
480 3311 549 3355 esse
571 3312 644 3356 cum
666 3311 712 3375 ea,
736 3311 834 3376 quam
854 3314 880 3381 p

90 3377 184 3440 nobis
221 3379 384 3461 acceptam
419 3376 486 3441 iam
515 3377 589 3442 inde
620 3399 640 3444 a
670 3377 738 3445 mai
776 3378 785 3457 ‚¹

91 3463 208 3549 Quam,
239 3465 268 3529 si
297 3465 416 3550 placet,
449 3465 601 3550 quoniam
631 3485 682 3552 ea,
712 3486 752 3559 q=
