2476 3848
471 194 711 260 -487-

91 375 128 417 ea
154 351 331 416 fortuitane
361 352 426 417 sint
455 374 498 417 an
524 374 561 418 00
590 355 691 436 statu,
724 374 786 437 quo
810 353 979 418 cohaerere
1000 355 1090 418 nullo

90 440 186 504 modo
215 440 380 524 potuerint
406 439 471 504 nisi
498 461 595 504 sensu
616 439 803 504 moderante
826 440 996 524 divinaque
1018 462 1091 524 pro-

89 527 241 592 videntia.
295 526 329 592 Si
361 527 463 612 igitur
494 527 630 591 meliora
662 530 737 591 sunt
769 548 820 611 ca,
852 548 934 609 quae
963 530 1090 608 natura,

91 637 188 698 quam
219 615 290 698 illa,
322 636 404 698 quae
436 618 506 683 0110
534 615 678 700 perfecta
705 617 793 697 sunt,
824 635 884 680 1100
911 634 963 678 010
992 613 1091 678 efficit

91 703 262 786 quicquam
285 702 353 766 sine
376 702 510 787 ratione,
532 706 713 768 manatura
736 701 865 786 quidam
886 701 1021 766 rationis
1041 723 1091 765 ex·

90 811 165 873 pers
193 793 242 854 est
267 789 424 854 habenda.
469 790 531 866 Qui
557 790 659 876 igitur
686 789 847 873 convenit,
879 789 1008 874 signum
1034 790 1091 853 001

91 877 239 942 tabulam
265 877 385 961 pictam
412 900 484 942 cum
511 878 686 964 aspexeris,
716 877 797 943 scire
820 876 1001 951 adhibitam
1022 897 1091 940 esse

91 968 208 1049 artem,
239 986 374 1048 cumque
405 966 517 1049 procul
549 987 678 1031 cursum
709 965 832 1051 navigii
862 964 995 1048 videris,
1025 969 1092 1028 non

91 1052 252 1135 dubitare,
282 1052 360 1136 quin
388 1052 421 1115 id
447 1053 574 1118 ratione
602 1057 700 1145 atque
723 1058 793 1117 arte
816 1056 996 1135 moveatur,
1026 1055 1091 1135 aut,

92 1162 164 1204 cum
186 1140 342 1204 solarium
359 1140 411 1204 vel
430 1141 618 1226 discriptum
636 1142 689 1205 vel
708 1163 746 1206 cx
764 1163 848 1224 aqua
866 1140 1090 1225 contemplere,

90 1227 278 1312 intellegere
306 1227 464 1292 declarari
490 1229 588 1292 horas
616 1232 699 1312 arte,
725 1250 790 1293 non
818 1249 907 1312 casu,
936 1227 1090 1291 mundum

91 1318 214 1398 autem,
245 1315 300 1397 qui
329 1318 362 1379 01
389 1315 450 1379 has
476 1316 564 1401 ipsas
593 1319 679 1380 artes
707 1319 740 1379 01
763 1336 873 1379 carum
896 1315 1034 1379 artifices
1058 1316 1090 1378 et

92 1405 206 1466 cuncta
229 1402 458 1487 conplectatur,
481 1403 607 1468 consilii
630 1406 663 1467 01
684 1402 820 1467 10110110
839 1422 908 1465 0000
927 1404 1090 1484 expertem

89 1489 227 1573 putare?
258 1488 381 1564 Quodsi
397 1490 432 1554 in
450 1487 615 1574 Scythiam
633 1493 690 1554 001
707 1490 743 1553 in
754 1487 959 1552 Britanniam
978 1488 1090 1572 sphae·
1109 1501 1143 1552 88

92 1598 163 1640 ram
181 1577 298 1660 aliquis
316 1578 429 1642 tulerit
447 1578 538 1661 hanc,
558 1600 655 1662 quam
672 1599 775 1661 nuper
791 1575 962 1640 familiaris
979 1578 1090 1639 noster

91 1664 196 1728 effecit
222 1663 427 1749 Posidonius,
458 1665 547 1730 cuius
580 1666 728 1752 singulae
756 1663 978 1729 conversiones
1005 1663 1091 1727 idem

91 1751 235 1816 efficiunt
261 1752 295 1815 11
322 1753 390 1818 0010
418 1756 451 1817 01
476 1753 511 1817 in
538 1753 616 1816 luna
642 1756 675 1817 01
697 1752 732 1816 in
754 1751 893 1835 quinque
917 1751 1020 1814 stellis
1044 1772 1091 1814 er-

90 1840 252 1924 rantibus,
285 1840 370 1924 quod
402 1840 539 1905 efficitur
570 1841 606 1905 in
636 1841 726 1907 00010
755 1839 890 1924 singulis
918 1838 1030 1902 diebus
1057 1840 1090 1901 et

89 1928 249 2012 noctibus,
290 1928 340 1992 uis
358 1928 393 1992 in
409 1929 468 1994 1110
486 1928 639 1993 barbaria
657 1928 790 2011 dubitet,
809 1927 887 2011 quin
901 1947 939 1990 00
952 1926 1091 2010 sphaera

91 2015 134 2078 sit
160 1949 304 2099 perfecla
334 2016 481 2081 ratione?
526 2016 571 2080 Hi
599 2020 706 2080 autem
728 2015 878 2081 dubitant
901 2014 939 2078 de
962 2013 1090 2097 mund0,
1100 2015 1143 2082 35

90 2123 129 2165 ex
159 2124 221 2185 quo
252 2107 284 2166 ot
314 2104 460 2168 oriuntur
488 2107 520 2167 01
547 2104 629 2168 fiunt
656 2104 777 2188 omnia,
808 2124 925 2168 casune
954 2101 1024 2186 ipsc
1047 2101 1090 2165 011

89 2189 222 2252 effectus
255 2193 311 2253 aut
342 2191 534 2255 necessitate
561 2192 670 2275 aliqua
697 2213 739 2256 an
765 2192 890 2257 ratione
919 2213 956 2255 ao
982 2193 1089 2255 mente

89 2275 210 2358 divina,
243 2280 276 2340 01
302 2276 527 2342 Archimedem
557 2279 756 2343 arbitrantur
786 2280 860 2364 plus
888 2279 1029 2343 valuisse
1056 2278 1091 2341 in

89 2363 254 2427 imitandis
282 2364 438 2447 sphaerae
465 2366 727 2431 conversionibus
754 2389 851 2450 quam
876 2369 1029 2429 naturam
1055 2365 1090 2428 in

90 2450 277 2534 efficiendis,
309 2453 500 2534 praesertim
526 2475 599 2517 oum
626 2454 737 2518 multis
764 2453 911 2538 partibus
940 2453 1005 2517 sint
1031 2452 1090 2515 illa

89 2539 232 2623 perfecta
263 2560 361 2622 quam
391 2538 470 2604 11000
502 2540 655 2605 simulata
681 2541 854 2606 sollertius.
903 2538 1006 2623 Atqui
1033 2539 1089 2603 ille
1107 2562 1142 2611 so

90 2627 176 2711 apud
193 2625 328 2691 Accium
350 2630 471 2711 pastor,
494 2628 550 2711 qui
571 2650 687 2693 navem
706 2649 883 2712 numquam
902 2630 977 2691 ante
994 2626 1090 2691 vidis-

91 2717 149 2797 set,
172 2717 208 2778 ut
229 2715 342 2799 procul
365 2714 508 2779 divinum
531 2718 705 2781 atriorum
725 2716 906 2781 vehiculum
922 2714 1090 2799 Argonau·
1133 2781 1135 2785 ,

89 2803 197 2865 tarum
225 2823 242 2866 0
265 2805 374 2867 monte
398 2803 576 2887 conspexit,
601 2803 705 2888 primo
729 2803 892 2869 admirans
915 2806 948 2866 01
969 2805 1090 2887 perter-

90 2887 173 2952 ritus
196 2887 258 2953 1100
281 2890 376 2956 modo
399 2891 555 2975 loquitur:

554 2978 817 3044 Tantamoles
841 2977 989 3043 labitur
1059 3012 1062 3017 ·

132 3061 389 3129 Fremibdnda
407 3086 450 3130 ex
469 3067 551 3130 alto
569 3066 721 3151 ingenti
740 3066 869 3131 sonitu
885 3068 924 3130 et
938 3060 1001 3150 spi

132 3148 227 3214 Prae
250 3172 289 3215 se
312 3152 432 3217 undas
455 3153 593 3237 volvit,
616 3154 785 3218 00111000
808 3154 845 3217 vi
869 3152 973 3218 scisci

132 3236 224 3302 Ruit
245 3240 443 3324 prolapsa,
465 3241 626 3326 pe'lagus
649 3240 859 3326 respargit,
881 3239 984 3307 ralla

132 3325 192 3390 Ita
211 3325 296 3390 dum
313 3325 575 3412 interruptum
593 3327 724 3393 credas
742 3328 949 3397 nimbumv

130 3413 227 3478 Dum
250 3415 348 3499 qudd
372 3415 537 3480 sublime
560 3415 688 3481 ventis
712 3416 874 3501 expulsit

132 3498 269 3566 Saxum
292 3506 357 3568 adt
379 3502 579 3588 procellis,
601 3504 661 3568 161
684 3502 823 3590 globos
846 3506 870 3519 “’
