2476 3848
535 155 776 220 -468—

145 317 324 384 lltotemtter
341 317 481 398 sumente,
505 316 533 397 to
556 315 717 398 protetttert
739 333 769 380 er
788 332 876 395 qeqeu
894 314 965 395 uae
987 315 1068 395 barte
1086 315 1162 382 lter:

145 407 294 486 utteitunq
319 406 395 470 einer
424 405 621 487 hbttotopbis,
650 405 694 469 bie
720 421 777 469 aur
805 404 925 484 besuus
952 405 1163 487 ouqenbtidtid)

146 494 219 575 nicht
237 494 398 575 qebtbrenb
422 494 581 573 grauitas
604 495 704 574 uerte,
727 492 794 557 usit
816 491 852 572 tte
876 510 914 557 ou
936 491 1165 573 {treberenses

146 584 218 664 bobr
241 584 482 663 butorbeuunqeu
504 582 586 661 telle.
632 581 700 646 lter
722 580 770 661 titt
794 599 845 660 qur
867 581 1017 645 illabente
1038 581 1164 659 uetant,

147 670 217 750 nub
241 671 310 737 eben
335 673 368 736 tn
395 672 448 735 beo
475 671 584 751 bebrua
607 671 677 734 ubst
699 668 896 750 5lttjitobrpbeu
922 687 957 751 qu
979 669 1074 751 boote
1104 672 1166 752 fetu

148 760 182 843 (t.
202 760 282 825 otor.
299 757 366 842 10).
411 758 486 838 llud)
509 759 565 823 int
588 777 665 837 mon,
688 770 771 824 mena
794 776 863 822 mor
882 757 995 837 gloubt,
1018 758 1085 839 norb
1110 762 1165 825 beu

147 848 476 914 neuerenlttubemitern
487 847 557 928 qt'be
571 854 602 911 et
614 847 688 914 teins
698 846 856 926 lbobrbeit.
880 847 946 911 ttur
961 847 1051 927 histes
1064 848 1166 928 [abaco

148 938 193 1017 tte,
217 939 278 1002 bem
303 936 429 1016 {botran
451 937 489 1015 tei
512 936 579 1016 [tcta
598 935 726 1016 &althea
749 934 929 1015 trigemitrbt.
966 935 1098 1017 ssuqteid)
1118 938 1166 1002 be:

148 1025 252 1090 tennes
274 1024 318 1106 tte,
343 1022 398 1102 boh
417 1025 471 1087 baa
495 1025 526 1089 ta
545 1024 645 1106 butem
664 1021 762 1089 drabe
781 1022 1028 1103 lbobrtrbctntirbe
1046 1027 1166 1107 genuae,

148 1131 198 1177 um
222 1116 283 1178 ten
306 1111 399 1178 beten
423 1113 483 1177 eine
506 1112 601 1193 bebere
624 1112 766 1195 ttirbtunq
789 1128 824 1191 qu
847 1111 941 1191 qeber.

578 1273 738 1281 ——--

117 1298 138 1448 1l
240 1375 322 1441 Cum
345 1377 467 1440 multae
490 1398 541 1440 res
564 1376 599 1440 in
622 1376 831 1460 philosophia
853 1397 1059 1461 nequaquam
1082 1377 1166 1442 satis

152 1463 255 1530 adhuc
283 1465 463 1548 explicatae
491 1465 569 1548 sint,
596 1469 668 1529 tum
694 1464 909 1548 perdifficilis,
932 1465 1049 1549 Brute,
1079 1465 1168 1550 quod

150 1557 187 1618 tu
211 1554 343 1618 minime
366 1554 508 1638 ignoras,
532 1558 565 1617 et
588 1554 783 1638 perobscura
807 1553 954 1637 quaestio
978 1557 1028 1618 est
1050 1551 1089 1616 de
1107 1574 1166 1617 na-

151 1647 225 1706 tura
254 1642 400 1725 deorum,
428 1663 509 1725 quae
538 1644 571 1705 et
594 1642 634 1706 ad
663 1642 863 1726 agnitionem
891 1641 993 1706 animi
1017 1641 1168 1724 pulcher·

151 1729 235 1794 rima
267 1734 317 1794 est
348 1735 381 1794 ct
414 1730 454 1794 ad
489 1730 717 1795 moderandam
749 1730 941 1815 religionem
972 1729 1168 1795 necessaria.

152 1815 201 1881 De
221 1840 283 1901 qua
301 1822 370 1882 tam
390 1819 497 1883 variae
522 1822 600 1882 sunt
617 1818 879 1884 doctissimorum
898 1819 1065 1883 hominum
1084 1822 1171 1884 tam·

153 1928 215 1990 que
235 1906 452 1988 discrepantes
477 1907 666 1988 sententiae,
689 1910 726 1971 ut
744 1928 863 1991 magno
884 1909 1077 1993 argumento
1095 1929 1171 1972 esse

154 1995 271 2058 debeat
285 2015 416 2059 causam
436 1997 468 2057 et
487 1994 680 2078 principium
698 1995 925 2079 philosophiae
940 2017 1010 2060 essa
1027 1995 1170 2061 inscien-

154 2082 248 2165 tiam,
279 2082 516 2165 prudenterque
549 2083 760 2149 Academicos
789 2107 808 2148 a
835 2085 931 2150 rebus
953 2083 1085 2150 incertis
1114 2085 1172 2149 ad·

155 2170 336 2233 sensionem
360 2170 550 2235 cohibuisse.
597 2171 681 2248 Quid
704 2176 754 2237 cst
782 2173 867 2236 enim
895 2174 1079 2237 temeritate
1103 2176 1172 2237 tur·

154 2257 249 2341 pius?
275 2262 332 2322 aut
354 2258 431 2342 quid
454 2262 522 2324 tam
540 2261 750 2326 temerarium
768 2265 898 2345 tamque
922 2261 1095 2345 indignum
1119 2282 1173 2326 sa·

155 2346 275 2430 pientis
302 2347 463 2431 gravitate
492 2351 590 2432 atque
618 2350 803 2415 constantia
829 2371 925 2433 quam
958 2353 1015 2414 aut
1047 2349 1172 2414 falsum

157 2436 277 2501 sentire
305 2439 374 2519 aut,
407 2437 492 2520 quod
520 2459 587 2502 non
614 2439 694 2503 satis
722 2438 890 2521 explorata
913 2442 1100 2522 perceptum
1125 2440 1172 2504 sit

121 2529 190 2594 aet
212 2524 392 2609 cognitum,
421 2525 491 2589 sine
514 2527 582 2590 ulla
604 2526 807 2591 dubitatione
831 2525 1023 2591 defendere?
1069 2525 1173 2593 Velut

156 2613 190 2677 in
212 2613 274 2678 hac
298 2613 486 2697 quaestione
509 2615 672 2699 plerique,
695 2615 781 2698 quod
805 2615 945 2679 maxime
972 2615 1040 2680 veri
1063 2616 1172 2682 simile

156 2705 222 2784 est,
249 2706 281 2765 et
307 2723 371 2784 quo
400 2723 511 2766 omnes
544 2703 623 2769 duce
656 2708 775 2768 natura
802 2704 961 2788 venimus,
994 2702 1071 2768 daos
1099 2725 1173 2770 esse

157 2790 319 2874 dixerunt,
347 2791 494 2855 dubitare
518 2812 552 2855 se
575 2791 788 2877 Protagoras,
809 2792 918 2857 nullos
943 2813 1014 2866 esse
1037 2793 1171 2859 omnino

156 2877 317 2964 Diagoras
340 2877 456 2944 Melius
480 2883 512 2943 et
532 2879 720 2945 Theodorus
744 2879 941 2964 Cyrenaicus
965 2883 1174 2964 putaverunt.

158 2966 221 3042 Qui
248 2989 324 3033 vero
354 2967 429 3033 deos
458 2988 528 3031 esse
552 2967 715 3047 dixerunt,
738 2972 833 3033 tanta
856 2972 932 3033 sunt
955 2970 990 3032 in
1012 2969 1174 3035 varietata

74 3077 79 3113 ,ι
158 3062 191 3117 et
222 3055 438 3140 dissensione,
468 3059 506 3120 ut
537 3077 649 3122 eorum
682 3057 859 3122 molestum
891 3057 935 3122 sit
968 3057 1175 3124 dinumerare

68 3142 71 3145 ’
158 3145 344 3209 sententias.
390 3143 477 3210 Nam
501 3149 534 3209 et
557 3144 595 3210 de
614 3146 728 3232 figuris
748 3146 881 3212 deorum
905 3151 938 3210 et
961 3146 999 3211 do
1022 3145 1105 3212 locis
1126 3150 1175 3212 at·

158 3251 220 3312 que
253 3232 382 3295 sedibus
411 3237 445 3296 et
473 3234 599 3298 actione
621 3237 708 3300 vitae
741 3235 845 3300 multa
873 3234 1036 3318 dicuntur,
1069 3235 1176 3320 deque

62 3333 102 3426 Ρ
181 3317 209 3380 is
233 3341 360 3385 summa
382 3321 651 3406 philosophorum
675 3324 875 3388 dissensione
899 3327 1054 3407 certatur3
1086 3325 1178 3408 quod

132 3437 142 3490 ῃ
179 3426 234 3472 ero
268 3410 408 3473 maxime
440 3432 508 3475 rem
541 3433 734 3497 causamque
766 3413 925 3495 continet,
952 3415 1062 3477 utrum
1088 3413 1179 3480 nihil

165 3504 260 3588 gant,
284 3498 371 3567 nihil
397 3499 586 3583 moliantur,
608 3502 697 3567 omni
719 3499 887 3568 curatione
911 3503 944 3565 ct
966 3500 1179 3568 administra·
