2476 3848
472 185 710 251 -377-

88 351 118 416 ai
144 351 260 415 similis
286 351 398 417 futura
424 356 475 417 est
507 353 705 436 perpetuitas
733 352 837 416 omnis
869 353 1093 437 consequentis
1155 385 1156 388 ¹

89 438 259 521 temporis,
283 441 354 523 quis
378 460 429 504 me
452 439 599 505 beatior?
649 438 706 504 Sin
728 460 805 504 vera
828 442 915 522 sunt,
945 461 1026 524 quae
1050 440 1094 504 di·
1113 460 1145 511 98

91 531 218 609 cuntur,
246 527 473 611 migrationem
501 548 572 592 esse
599 531 734 593 mortem
757 528 791 591 in
814 548 867 592 eas
891 549 979 610 oras,
1006 550 1095 611 quas,

91 615 146 698 qui
164 636 181 678 e
198 614 267 678 vita
284 619 504 698 excesserunt,
526 614 685 699 incolunt,
707 614 741 679 id
759 615 863 681 multo
881 616 947 680 iam
969 615 1095 680 beatius

92 704 150 766 est.
185 701 285 785 Tene,
308 723 380 767 cum
399 703 440 766 ab
461 702 518 785 iis,
540 702 594 786 qui
613 723 647 767 se
665 702 804 767 iudicum
826 724 960 768 numero
982 702 1095 767 haberi

89 791 216 874 volunt,
235 789 388 874 evaseris,
407 789 448 853 ad
467 811 521 855 eos
539 789 661 872 venire,
681 791 736 874 qui
753 810 827 853 vere
846 789 968 855 iudices
986 791 1094 874 appel-

90 879 209 962 lentur,
238 876 392 961 Minoem,
421 877 719 960 Rhadamanthum,
750 878 906 960 Aeacum,
938 877 1093 961 Triptole-

91 988 192 1050 mum,
214 968 446 1050 convenireque
466 987 529 1048 eos,
548 965 603 1049 qui
620 965 705 1029 iuste
723 970 752 1030 et
769 986 842 1029 cum
861 964 924 1030 fide
942 966 1093 1031 vixerintl

91 1053 181 1118 Haec
202 1054 421 1137 peregrinatio
444 1053 612 1118 mediocris
635 1053 729 1118 vobis
752 1053 852 1118 videri
874 1054 1004 1137 potest?
1047 1053 1094 1119 Ut

91 1163 167 1206 vero
187 1142 338 1224 conloqui
356 1162 428 1205 cum
447 1141 588 1224 Orpheo,
606 1138 752 1225 Musaeo,
774 1140 931 1224 Homero,
951 1141 1093 1208 Hesiodo

91 1232 199 1312 liceat,
230 1229 342 1313 quanti
373 1230 504 1293 tandem
541 1229 742 1293 aestimatis?
800 1228 960 1314 Equidem
997 1251 1094 1313 saepe

92 1319 205 1400 emori,
229 1318 256 1382 si
279 1317 348 1381 fieri
370 1321 494 1401 posset,
517 1316 647 1400 vellem,
670 1322 707 1381 ut
730 1338 781 1399 ea,
802 1338 883 1400 quae
906 1318 991 1400 dieo,
1014 1317 1094 1382 mihi

91 1407 203 1470 liceret
223 1405 375 1470 invenire.
416 1404 544 1480 Quanta
566 1403 779 1469 delectatione
803 1408 910 1469 autern
933 1404 1094 1487 adficerer,

93 1515 165 1558 eum
178 1493 390 1576 Palamedem,
408 1514 479 1557 cum
494 1492 636 1573 Aiacem,
654 1513 726 1556 cum
746 1492 827 1557 alios
846 1491 963 1557 iudicio
983 1493 1093 1576 iniquo

93 1583 325 1646 circumventos
353 1581 568 1646 convenirem!
618 1579 825 1662 Temptarcm
854 1579 953 1643 etiam
976 1580 1094 1644 summi

92 1671 193 1754 regis,
215 1670 268 1752 qui
292 1670 449 1733 maximas
473 1668 581 1751 copias
605 1667 697 1732 duxit
720 1667 759 1732 ad
781 1666 925 1750 Troiam,
951 1671 983 1732 et
1005 1665 1094 1731 Ulixi

92 1757 286 1841 Sisyphique
313 1756 529 1840 prudentiam,
555 1777 613 1822 nee
640 1755 681 1820 ob
710 1777 782 1819 eam
805 1776 889 1838 rem,
918 1775 989 1819 cum
1013 1755 1093 1820 haec

92 1845 304 1930 exquirerem,
327 1846 410 1910 sicut
430 1844 484 1909 hic
506 1843 679 1926 faciebam,
701 1844 806 1926 eapite
829 1842 1006 1908 damnarer.
1043 1841 1093 1907 Ne

92 1957 150 2000 vos
178 1933 319 2017 quidem,
346 1933 466 1997 iudices
494 1932 531 2015 ii,
564 1933 618 2016 qui
646 1954 698 1995 me
725 1931 926 2014 absolvistis,
957 1935 1093 1995 mortem

92 2021 273 2085 timueritis.
318 2019 385 2085 Nec
413 2022 498 2085 enim
525 2021 673 2104 cuiquam
700 2020 787 2085 bono
814 2020 892 2084 mali
923 2020 1145 2104 quicquamst

93 2111 219 2172 evenire
241 2110 350 2190 potest
371 2129 431 2172 nce
448 2108 522 2173 vivo
541 2129 600 2172 nec
617 2111 758 2189 mortuo,
780 2129 839 2173 nec
857 2129 1007 2191 umquam
1025 2107 1093 2171 eius

92 2218 143 2259 res
162 2218 181 2259 a
200 2194 248 2257 dis
272 2194 495 2258 inmortalibus
516 2196 741 2280 neglegentur,
763 2216 822 2260 nec
845 2196 924 2259 mihi
947 2196 1009 2278 ipsi
1032 2195 1094 2259 hoc

94 2282 209 2348 accidit
229 2280 373 2345 fortuito.
408 2280 477 2346 Neo
495 2303 571 2347 vero
590 2302 649 2367 ego
668 2283 723 2365 iis,
747 2305 766 2346 a
787 2283 902 2367 quibus
926 2287 1093 2346 accusatus

94 2374 149 2435 aut
172 2392 191 2433 a
214 2368 329 2452 quibus
353 2368 580 2434 condemnat-us
610 2393 695 2453 sum,
722 2370 826 2434 habeo
854 2371 939 2453 quod
967 2391 1093 2433 suscen-

95 2480 195 2540 seam,
216 2456 280 2518 nisi
303 2455 389 2540 quod
407 2455 486 2519 mihi
505 2478 619 2521 nocere
638 2479 672 2521 se
690 2454 912 2521 erediderunt'
950 2456 996 2520 Et
1013 2456 1093 2520 haec

65 2541 69 2550 ’
94 2545 221 2632 quidem
243 2544 306 2608 hoc
328 2542 437 2625 m0d03
462 2543 544 2607 nihil
566 2548 673 2607 autem
695 2543 808 2607 melius
833 2547 988 2609 extremo:
1021 2541 1094 2607 ‘Sed

93 2641 220 2718 tempus
244 2630 317 2715 est',
344 2631 464 2716 inquit,
491 2631 568 2695 ‘iam
590 2631 665 2694 hinc
692 2630 781 2694 abire
808 2651 872 2713 me,
903 2635 939 2695 ut·
966 2632 1095 2714 moriar,

94 2745 164 2805 vos,
191 2725 228 2785 ut
253 2721 355 2785 vitam
382 2720 497 2805 agatis.
545 2717 662 2785 Utrum
694 2722 802 2783 autem
832 2719 875 2782 sit
904 2719 1030 2799 melius,
1062 2718 1094 2783 di

80 2808 281 2874 'inmortales
322 2808 439 2892 sciunt,
475 2807 638 2873 hominem
674 2806 803 2892 quidem
839 2807 919 2871 seire
956 2806 1095 2870 arbitror

93 2893 275 2961 neminem?

159 2982 209 3046 Ne
240 3003 301 3068 ego
332 2982 418 3048 haud
450 2983 546 3066 paulo
573 2982 659 3048 hunc
686 2983 829 3047 animum
855 2981 966 3046 malim
998 2987 1146 3066 qua1n42

94 3093 204 3137 eorum
240 3071 382 3135 omnium
418 3069 579 3154 fortunas,
615 3071 671 3155 qui
703 3069 741 3133 de
773 3069 835 3134 hoc
866 3070 1094 3140 iudicaverunt.

93 3161 180 3244 Etsi,
211 3157 295 3242 quod
326 3161 456 3240 praeter
486 3158 562 3223 deos
589 3161 688 3243 negat
717 3157 799 3222 scire
826 3178 1031 3243 quemquam,
1062 3159 1095 3223 id

94 3248 155 3313 seit
176 3247 246 3330 ipse
268 3248 376 3310 utrum
398 3245 443 3310 sit
463 3247 590 3331 melius3
613 3268 689 3311 uam
713 3246 794 3311 dixit
812 3250 900 3331 ante3
924 3246 979 3310 sed
1002 3269 1094 3311 suurn

93 3336 187 3419 illud,
218 3334 300 3399 nihil
331 3336 369 3397 ut
399 3333 560 3416 adfirmet,
587 3338 675 3399 tenet
702 3333 743 3399 ad
773 3339 959 3399 extremum.
1003 3333 1072 3399 Nos
1099 3356 1147 3403 100

94 3428 201 3488 autem
231 3427 417 3505 teneamus,
452 3423 487 3486 ut
523 3422 606 3487 nihil
638 3443 822 3488 censeamus
858 3444 929 3487 esse
965 3422 1096 3506 malum,

93 3511 176 3596 quod
204 3511 248 3576 sit
274 3533 295 3575 a
320 3513 436 3575 natura
462 3509 573 3574 datum
602 3511 767 3594 omnibus,
797 3510 1103 3595 intellegamusque,
