<?xml version="1.0" encoding="UTF-8"?>
<!DOCTYPE html PUBLIC "-//W3C//DTD XHTML 1.0 Transitional//EN"
    "http://www.w3.org/TR/xhtml1/DTD/xhtml1-transitional.dtd">
<html xmlns="http://www.w3.org/1999/xhtml" xml:lang="en" lang="en">
 <head>
  <title>
</title>
<meta http-equiv="Content-Type" content="text/html;charset=utf-8" />
  <meta name='ocr-system' content='tesseract 3.04.00' />
  <meta name='ocr-capabilities' content='ocr_page ocr_carea ocr_par ocr_line ocrx_word'/>
</head>
<body>
  <div class='ocr_page' id='page_1' title='image "./cicerosphilosop01cicegoog_0573.png"; bbox 0 0 2476 3848; ppageno 0'>
   <div class='ocr_carea' id='block_1_1' title="bbox 539 192 777 257">
    <p class='ocr_par' dir='ltr' id='par_1_1' title="bbox 539 192 777 257">
     <span class='ocr_line' id='line_1_1' title="bbox 539 192 777 257; baseline 0 -20"><span class='ocrx_word' id='word_1_1' title='bbox 539 192 777 257; x_wconf 75' lang='lat'>-443..</span> 
     </span>
    </p>
   </div>
   <div class='ocr_carea' id='block_1_2' title="bbox 87 351 1211 3602">
    <p class='ocr_par' dir='ltr' id='par_1_2' title="bbox 87 351 1211 3602">
     <span class='ocr_line' id='line_1_2' title="bbox 164 351 1175 433; baseline 0.001 -15"><span class='ocrx_word' id='word_1_2' title='bbox 164 357 233 418; x_wconf 89' lang='lat' dir='ltr'><strong>tate</strong></span> <span class='ocrx_word' id='word_1_3' title='bbox 255 351 342 416; x_wconf 85' lang='lat' dir='ltr'><strong>vitae</strong></span> <span class='ocrx_word' id='word_1_4' title='bbox 365 351 566 415; x_wconf 90' lang='lat' dir='ltr'><strong>conlocatam</strong></span> <span class='ocrx_word' id='word_1_5' title='bbox 588 353 695 433; x_wconf 87' lang='lat' dir='ltr'><strong>putat,</strong></span> <span class='ocrx_word' id='word_1_6' title='bbox 722 370 924 414; x_wconf 87' lang='lat' dir='ltr'><strong>cumrerum</strong></span> <span class='ocrx_word' id='word_1_7' title='bbox 947 371 1063 415; x_wconf 87' lang='lat' dir='ltr'><strong>causas</strong></span> <span class='ocrx_word' id='word_1_8' title='bbox 1090 353 1175 419; x_wconf 89' lang='lat' dir='ltr'><strong>alias</strong></span> 
     </span>
     <span class='ocr_line' id='line_1_3' title="bbox 165 437 1174 523; baseline 0.002 -19"><span class='ocrx_word' id='word_1_9' title='bbox 165 462 204 504; x_wconf 90' lang='lat' dir='ltr'><strong>ex</strong></span> <span class='ocrx_word' id='word_1_10' title='bbox 231 440 305 504; x_wconf 88' lang='lat' dir='ltr'><strong>aliis</strong></span> <span class='ocrx_word' id='word_1_11' title='bbox 333 441 428 521; x_wconf 87' lang='lat' dir='ltr'><strong>aptas</strong></span> <span class='ocrx_word' id='word_1_12' title='bbox 456 441 489 501; x_wconf 91' lang='lat' dir='ltr'><strong>et</strong></span> <span class='ocrx_word' id='word_1_13' title='bbox 515 437 706 502; x_wconf 75' lang='lat' dir='ltr'><strong>necessitate</strong></span> <span class='ocrx_word' id='word_1_14' title='bbox 731 457 831 501; x_wconf 87' lang='lat' dir='ltr'><strong>nexas</strong></span> <span class='ocrx_word' id='word_1_15' title='bbox 853 437 954 523; x_wconf 80' lang='lat' dir='ltr'><strong>videt,</strong></span> <span class='ocrx_word' id='word_1_16' title='bbox 981 438 1101 521; x_wconf 89' lang='lat' dir='ltr'><strong>quibus</strong></span> <span class='ocrx_word' id='word_1_17' title='bbox 1133 441 1174 506; x_wconf 92' lang='lat' dir='ltr'><strong>ab</strong></span> 
     </span>
     <span class='ocr_line' id='line_1_4' title="bbox 165 525 1175 608; baseline 0.002 -17"><span class='ocrx_word' id='word_1_18' title='bbox 165 531 295 591; x_wconf 86' lang='lat' dir='ltr'><strong>aeterno</strong></span> <span class='ocrx_word' id='word_1_19' title='bbox 321 530 466 608; x_wconf 87' lang='lat' dir='ltr'><strong>tempore</strong></span> <span class='ocrx_word' id='word_1_20' title='bbox 493 525 667 589; x_wconf 82' lang='lat' dir='ltr'><strong>fluentibus</strong></span> <span class='ocrx_word' id='word_1_21' title='bbox 693 525 727 588; x_wconf 92' lang='lat' dir='ltr'><strong>in</strong></span> <span class='ocrx_word' id='word_1_22' title='bbox 754 527 921 589; x_wconf 86' lang='lat' dir='ltr'><strong>aeternum</strong></span> <span class='ocrx_word' id='word_1_23' title='bbox 946 525 1032 590; x_wconf 89' lang='lat' dir='ltr'><strong>ratio</strong></span> <span class='ocrx_word' id='word_1_24' title='bbox 1060 530 1175 593; x_wconf 84' lang='lat' dir='ltr'><strong>tamen</strong></span> 
     </span>
     <span class='ocr_line' id='line_1_5' title="bbox 113 610 1172 698; baseline 0.006 -24"><span class='ocrx_word' id='word_1_25' title='bbox 113 627 144 675; x_wconf 76' lang='lat'><strong>71</strong></span> <span class='ocrx_word' id='word_1_26' title='bbox 166 635 318 698; x_wconf 87' lang='lat' dir='ltr'><strong>mensque</strong></span> <span class='ocrx_word' id='word_1_27' title='bbox 332 614 523 678; x_wconf 80' lang='lat' dir='ltr'>moderatur.</span> <span class='ocrx_word' id='word_1_28' title='bbox 554 611 644 676; x_wconf 91' lang='lat' dir='ltr'><strong>Haec</strong></span> <span class='ocrx_word' id='word_1_29' title='bbox 661 610 717 675; x_wconf 88' lang='lat' dir='ltr'><strong>ille</strong></span> <span class='ocrx_word' id='word_1_30' title='bbox 735 613 865 676; x_wconf 89' lang='lat' dir='ltr'><strong>intuens</strong></span> <span class='ocrx_word' id='word_1_31' title='bbox 879 616 975 696; x_wconf 89' lang='lat' dir='ltr'><strong>atque</strong></span> <span class='ocrx_word' id='word_1_32' title='bbox 992 614 1172 698; x_wconf 86' lang='lat' dir='ltr'><strong>suspiciens</strong></span> 
     </span>
     <span class='ocr_line' id='line_1_6' title="bbox 165 699 1173 786; baseline 0.001 -19"><span class='ocrx_word' id='word_1_33' title='bbox 165 703 216 767; x_wconf 86' lang='lat' dir='ltr'><strong>vel</strong></span> <span class='ocrx_word' id='word_1_34' title='bbox 234 701 344 786; x_wconf 91' lang='lat' dir='ltr'><strong>potius</strong></span> <span class='ocrx_word' id='word_1_35' title='bbox 363 701 466 765; x_wconf 89' lang='lat' dir='ltr'><strong>omnis</strong></span> <span class='ocrx_word' id='word_1_36' title='bbox 489 700 592 783; x_wconf 88' lang='lat' dir='ltr'><strong>partis</strong></span> <span class='ocrx_word' id='word_1_37' title='bbox 611 720 746 784; x_wconf 84' lang='lat' dir='ltr'><strong>orasque</strong></span> <span class='ocrx_word' id='word_1_38' title='bbox 768 699 1028 783; x_wconf 78' lang='lat' dir='ltr'><strong>circumspiciens</strong></span> <span class='ocrx_word' id='word_1_39' title='bbox 1048 707 1173 786; x_wconf 87' lang='lat' dir='ltr'><strong>quanta</strong></span> 
     </span>
     <span class='ocr_line' id='line_1_7' title="bbox 164 787 1171 871; baseline 0.003 -18"><span class='ocrx_word' id='word_1_40' title='bbox 164 812 274 854; x_wconf 88' lang='lat' dir='ltr'><strong>rursus</strong></span> <span class='ocrx_word' id='word_1_41' title='bbox 298 789 396 853; x_wconf 87' lang='lat' dir='ltr'><strong>animi</strong></span> <span class='ocrx_word' id='word_1_42' title='bbox 418 787 653 871; x_wconf 72' lang='lat' dir='ltr'><strong>tranquillitate</strong></span> <span class='ocrx_word' id='word_1_43' title='bbox 675 787 817 851; x_wconf 90' lang='lat' dir='ltr'><strong>humana</strong></span> <span class='ocrx_word' id='word_1_44' title='bbox 835 791 869 851; x_wconf 91' lang='lat' dir='ltr'><strong>et</strong></span> <span class='ocrx_word' id='word_1_45' title='bbox 890 788 1043 853; x_wconf 84' lang='lat' dir='ltr'><strong>citeriora</strong></span> <span class='ocrx_word' id='word_1_46' title='bbox 1066 792 1171 856; x_wconf 88' lang='lat' dir='ltr'><strong>consi·</strong></span> 
     </span>
     <span class='ocr_line' id='line_1_8' title="bbox 165 874 1173 960; baseline 0.002 -19"><span class='ocrx_word' id='word_1_47' title='bbox 165 878 268 942; x_wconf 84' lang='lat' dir='ltr'><strong>derat!</strong></span> <span class='ocrx_word' id='word_1_48' title='bbox 313 875 400 940; x_wconf 93' lang='lat' dir='ltr'><strong>Hinc</strong></span> <span class='ocrx_word' id='word_1_49' title='bbox 421 876 478 939; x_wconf 92' lang='lat' dir='ltr'><strong>illa</strong></span> <span class='ocrx_word' id='word_1_50' title='bbox 500 875 642 960; x_wconf 83' lang='lat' dir='ltr'><strong>cognitio</strong></span> <span class='ocrx_word' id='word_1_51' title='bbox 665 874 795 939; x_wconf 77' lang='lat' dir='ltr'><strong>virtutis</strong></span> <span class='ocrx_word' id='word_1_52' title='bbox 818 874 941 959; x_wconf 82' lang='lat' dir='ltr'><strong>existit,</strong></span> <span class='ocrx_word' id='word_1_53' title='bbox 964 875 1173 943; x_wconf 86' lang='lat' dir='ltr'><strong>efflorescunt</strong></span> 
     </span>
     <span class='ocr_line' id='line_1_9' title="bbox 166 961 1171 1049; baseline 0.004 -22"><span class='ocrx_word' id='word_1_54' title='bbox 166 985 284 1049; x_wconf 85' lang='lat' dir='ltr'><strong>genera</strong></span> <span class='ocrx_word' id='word_1_55' title='bbox 304 967 477 1048; x_wconf 84' lang='lat' dir='ltr'><strong>partesque</strong></span> <span class='ocrx_word' id='word_1_56' title='bbox 499 963 668 1045; x_wconf 86' lang='lat' dir='ltr'><strong>virtutum,</strong></span> <span class='ocrx_word' id='word_1_57' title='bbox 693 962 867 1044; x_wconf 77' lang='lat' dir='ltr'><strong>invenitur,</strong></span> <span class='ocrx_word' id='word_1_58' title='bbox 894 961 972 1046; x_wconf 91' lang='lat' dir='ltr'><strong>quid</strong></span> <span class='ocrx_word' id='word_1_59' title='bbox 1000 963 1056 1048; x_wconf 88' lang='lat' dir='ltr'><strong>sit,</strong></span> <span class='ocrx_word' id='word_1_60' title='bbox 1085 965 1171 1049; x_wconf 90' lang='lat' dir='ltr'><strong>quod</strong></span> 
     </span>
     <span class='ocr_line' id='line_1_10' title="bbox 165 1049 1211 1134; baseline 0.002 -18"><span class='ocrx_word' id='word_1_61' title='bbox 165 1056 283 1117; x_wconf 88' lang='lat' dir='ltr'><strong>natura</strong></span> <span class='ocrx_word' id='word_1_62' title='bbox 301 1053 426 1134; x_wconf 87' lang='lat' dir='ltr'><strong>spectet</strong></span> <span class='ocrx_word' id='word_1_63' title='bbox 443 1054 620 1114; x_wconf 88' lang='lat' dir='ltr'><strong>extremum</strong></span> <span class='ocrx_word' id='word_1_64' title='bbox 642 1049 801 1131; x_wconf 89' lang='lat' dir='ltr'><strong>inbonis,</strong></span> <span class='ocrx_word' id='word_1_65' title='bbox 824 1049 899 1133; x_wconf 90' lang='lat' dir='ltr'><strong>quid</strong></span> <span class='ocrx_word' id='word_1_66' title='bbox 917 1050 952 1114; x_wconf 91' lang='lat' dir='ltr'><strong>in</strong></span> <span class='ocrx_word' id='word_1_67' title='bbox 969 1051 1066 1116; x_wconf 86' lang='lat' dir='ltr'><strong>malis</strong></span> <span class='ocrx_word' id='word_1_68' title='bbox 1084 1053 1171 1118; x_wconf 91' lang='lat' dir='ltr'><strong>ultu-</strong></span> <span class='ocrx_word' id='word_1_69' title='bbox 1208 1054 1211 1061; x_wconf 83' lang='lat'>&#39;</span> 
     </span>
     <span class='ocr_line' id='line_1_11' title="bbox 165 1136 1170 1227; baseline 0.003 -24"><span class='ocrx_word' id='word_1_70' title='bbox 165 1161 267 1216; x_wconf 85' lang='lat' dir='ltr'><strong>mum,</strong></span> <span class='ocrx_word' id='word_1_71' title='bbox 286 1159 348 1222; x_wconf 93' lang='lat' dir='ltr'><strong>quo</strong></span> <span class='ocrx_word' id='word_1_72' title='bbox 367 1136 533 1202; x_wconf 89' lang='lat' dir='ltr'><strong>referenda</strong></span> <span class='ocrx_word' id='word_1_73' title='bbox 552 1138 618 1202; x_wconf 91' lang='lat' dir='ltr'><strong>sint</strong></span> <span class='ocrx_word' id='word_1_74' title='bbox 635 1137 751 1219; x_wconf 85' lang='lat' dir='ltr'><strong>officia,</strong></span> <span class='ocrx_word' id='word_1_75' title='bbox 772 1158 854 1220; x_wconf 87' lang='lat' dir='ltr'><strong>quac</strong></span> <span class='ocrx_word' id='word_1_76' title='bbox 872 1136 1034 1220; x_wconf 86' lang='lat' dir='ltr'><strong>degendae</strong></span> <span class='ocrx_word' id='word_1_77' title='bbox 1053 1143 1170 1227; x_wconf 85' lang='lat' dir='ltr'><strong>aetatis</strong></span> 
     </span>
     <span class='ocr_line' id='line_1_12' title="bbox 166 1224 1169 1311; baseline 0.003 -21"><span class='ocrx_word' id='word_1_78' title='bbox 166 1227 248 1290; x_wconf 89' lang='lat' dir='ltr'><strong>ratio</strong></span> <span class='ocrx_word' id='word_1_79' title='bbox 276 1225 453 1309; x_wconf 85' lang='lat' dir='ltr'><strong>deligenda.</strong></span> <span class='ocrx_word' id='word_1_80' title='bbox 503 1224 626 1301; x_wconf 82' lang='lat' dir='ltr'><strong>Quibus</strong></span> <span class='ocrx_word' id='word_1_81' title='bbox 657 1228 691 1288; x_wconf 87' lang='lat' dir='ltr'><strong>et</strong></span> <span class='ocrx_word' id='word_1_82' title='bbox 722 1225 841 1288; x_wconf 88' lang='lat' dir='ltr'><strong>talibus</strong></span> <span class='ocrx_word' id='word_1_83' title='bbox 872 1225 968 1290; x_wconf 88' lang='lat' dir='ltr'><strong>rebus</strong></span> <span class='ocrx_word' id='word_1_84' title='bbox 1000 1228 1169 1311; x_wconf 74' lang='lat' dir='ltr'><strong>exquisitis</strong></span> 
     </span>
     <span class='ocr_line' id='line_1_13' title="bbox 166 1311 1169 1400; baseline 0.003 -22"><span class='ocrx_word' id='word_1_85' title='bbox 166 1313 228 1378; x_wconf 91' lang='lat' dir='ltr'><strong>hcc</strong></span> <span class='ocrx_word' id='word_1_86' title='bbox 250 1314 301 1377; x_wconf 86' lang='lat' dir='ltr'><strong>vel</strong></span> <span class='ocrx_word' id='word_1_87' title='bbox 324 1313 463 1376; x_wconf 85' lang='lat' dir='ltr'><strong>maxime</strong></span> <span class='ocrx_word' id='word_1_88' title='bbox 487 1312 636 1396; x_wconf 87' lang='lat' dir='ltr'><strong>efficitur,</strong></span> <span class='ocrx_word' id='word_1_89' title='bbox 663 1311 748 1395; x_wconf 91' lang='lat' dir='ltr'><strong>quod</strong></span> <span class='ocrx_word' id='word_1_90' title='bbox 777 1311 839 1375; x_wconf 89' lang='lat' dir='ltr'><strong>hac</strong></span> <span class='ocrx_word' id='word_1_91' title='bbox 861 1312 1079 1396; x_wconf 86' lang='lat' dir='ltr'><strong>disputatione</strong></span> <span class='ocrx_word' id='word_1_92' title='bbox 1092 1320 1169 1400; x_wconf 68' lang='lat' dir='ltr'><strong>‘agi-</strong></span> 
     </span>
     <span class='ocr_line' id='line_1_14' title="bbox 165 1400 1170 1485; baseline 0.003 -20"><span class='ocrx_word' id='word_1_93' title='bbox 165 1423 251 1485; x_wconf 91' lang='lat' dir='ltr'><strong>mus,</strong></span> <span class='ocrx_word' id='word_1_94' title='bbox 282 1404 319 1465; x_wconf 89' lang='lat' dir='ltr'><strong>ut</strong></span> <span class='ocrx_word' id='word_1_95' title='bbox 348 1400 449 1465; x_wconf 85' lang='lat' dir='ltr'><strong>virtus</strong></span> <span class='ocrx_word' id='word_1_96' title='bbox 477 1400 517 1464; x_wconf 89' lang='lat' dir='ltr'><strong>ad</strong></span> <span class='ocrx_word' id='word_1_97' title='bbox 544 1401 638 1465; x_wconf 87' lang='lat' dir='ltr'><strong>beate</strong></span> <span class='ocrx_word' id='word_1_98' title='bbox 664 1400 836 1465; x_wconf 77' lang='lat' dir='ltr'><strong>vivendum</strong></span> <span class='ocrx_word' id='word_1_99' title='bbox 863 1401 907 1464; x_wconf 89' lang='lat' dir='ltr'><strong>sit</strong></span> <span class='ocrx_word' id='word_1_100' title='bbox 933 1423 968 1465; x_wconf 87' lang='lat' dir='ltr'><strong>se</strong></span> <span class='ocrx_word' id='word_1_101' title='bbox 996 1402 1070 1484; x_wconf 86' lang='lat' dir='ltr'><strong>ipsa</strong></span> <span class='ocrx_word' id='word_1_102' title='bbox 1098 1424 1170 1468; x_wconf 90' lang='lat' dir='ltr'><strong>con·</strong></span> 
     </span>
     <span class='ocr_line' id='line_1_15' title="bbox 115 1486 1170 1575; baseline 0.004 -25"><span class='ocrx_word' id='word_1_103' title='bbox 115 1503 147 1550; x_wconf 77' lang='lat'><strong>⁷2</strong></span> <span class='ocrx_word' id='word_1_104' title='bbox 165 1491 265 1553; x_wconf 88' lang='lat' dir='ltr'><strong>tenta.</strong></span> <span class='ocrx_word' id='word_1_105' title='bbox 301 1486 451 1572; x_wconf 83' lang='lat' dir='ltr'><strong>Sequitur</strong></span> <span class='ocrx_word' id='word_1_106' title='bbox 472 1488 582 1571; x_wconf 87' lang='lat' dir='ltr'><strong>tertia,</strong></span> <span class='ocrx_word' id='word_1_107' title='bbox 605 1510 685 1572; x_wconf 92' lang='lat' dir='ltr'><strong>quae</strong></span> <span class='ocrx_word' id='word_1_108' title='bbox 708 1509 765 1571; x_wconf 89' lang='lat' dir='ltr'><strong>per</strong></span> <span class='ocrx_word' id='word_1_109' title='bbox 788 1489 894 1553; x_wconf 90' lang='lat' dir='ltr'><strong>omnis</strong></span> <span class='ocrx_word' id='word_1_110' title='bbox 917 1489 1019 1571; x_wconf 91' lang='lat' dir='ltr'><strong>partis</strong></span> <span class='ocrx_word' id='word_1_111' title='bbox 1044 1492 1170 1575; x_wconf 85' lang='lat' dir='ltr'><strong>sapien-</strong></span> 
     </span>
     <span class='ocr_line' id='line_1_16' title="bbox 165 1575 1168 1660; baseline 0.002 -19"><span class='ocrx_word' id='word_1_112' title='bbox 165 1576 231 1641; x_wconf 88' lang='lat' dir='ltr'><strong>tiae</strong></span> <span class='ocrx_word' id='word_1_113' title='bbox 253 1579 365 1641; x_wconf 89' lang='lat' dir='ltr'><strong>manat</strong></span> <span class='ocrx_word' id='word_1_114' title='bbox 388 1579 421 1640; x_wconf 90' lang='lat' dir='ltr'><strong>et</strong></span> <span class='ocrx_word' id='word_1_115' title='bbox 442 1575 599 1659; x_wconf 89' lang='lat' dir='ltr'><strong>funditur,</strong></span> <span class='ocrx_word' id='word_1_116' title='bbox 622 1597 792 1660; x_wconf 81' lang='lat' dir='ltr'><strong>quaeram</strong></span> <span class='ocrx_word' id='word_1_117' title='bbox 816 1575 939 1658; x_wconf 87' lang='lat' dir='ltr'><strong>definit,</strong></span> <span class='ocrx_word' id='word_1_118' title='bbox 965 1596 1084 1660; x_wconf 82' lang='lat' dir='ltr'><strong>genera</strong></span> <span class='ocrx_word' id='word_1_119' title='bbox 1107 1579 1168 1643; x_wconf 92' lang='lat' dir='ltr'><strong>dis·</strong></span> 
     </span>
     <span class='ocr_line' id='line_1_17' title="bbox 166 1663 1170 1749; baseline 0.003 -21"><span class='ocrx_word' id='word_1_120' title='bbox 166 1664 277 1746; x_wconf 88' lang='lat' dir='ltr'><strong>pertit,</strong></span> <span class='ocrx_word' id='word_1_121' title='bbox 300 1664 466 1749; x_wconf 87' lang='lat' dir='ltr'><strong>sequentia</strong></span> <span class='ocrx_word' id='word_1_122' title='bbox 487 1663 647 1747; x_wconf 82' lang='lat' dir='ltr'><strong>adiungit,</strong></span> <span class='ocrx_word' id='word_1_123' title='bbox 671 1663 814 1746; x_wconf 84' lang='lat' dir='ltr'><strong>perfecta</strong></span> <span class='ocrx_word' id='word_1_124' title='bbox 837 1663 1011 1748; x_wconf 83' lang='lat' dir='ltr'><strong>concludit,</strong></span> <span class='ocrx_word' id='word_1_125' title='bbox 1038 1686 1115 1729; x_wconf 87' lang='lat' dir='ltr'><strong>vera</strong></span> <span class='ocrx_word' id='word_1_126' title='bbox 1138 1670 1170 1731; x_wconf 91' lang='lat' dir='ltr'><strong>et</strong></span> 
     </span>
     <span class='ocr_line' id='line_1_18' title="bbox 165 1749 1169 1837; baseline 0.004 -23"><span class='ocrx_word' id='word_1_127' title='bbox 165 1751 250 1816; x_wconf 90' lang='lat' dir='ltr'><strong>falsa</strong></span> <span class='ocrx_word' id='word_1_128' title='bbox 276 1750 442 1835; x_wconf 90' lang='lat' dir='ltr'><strong>diiudicat,</strong></span> <span class='ocrx_word' id='word_1_129' title='bbox 469 1751 645 1816; x_wconf 89' lang='lat' dir='ltr'><strong>disserendi</strong></span> <span class='ocrx_word' id='word_1_130' title='bbox 673 1750 757 1815; x_wconf 90' lang='lat' dir='ltr'><strong>ratio</strong></span> <span class='ocrx_word' id='word_1_131' title='bbox 786 1753 819 1814; x_wconf 90' lang='lat' dir='ltr'><strong>et</strong></span> <span class='ocrx_word' id='word_1_132' title='bbox 846 1749 988 1816; x_wconf 87' lang='lat' dir='ltr'><strong>scientia</strong></span> <span class='ocrx_word' id='word_1_133' title='bbox 1032 1751 1083 1816; x_wconf 78' lang='lat' dir='ltr'><strong>Ex</strong></span> <span class='ocrx_word' id='word_1_134' title='bbox 1106 1775 1169 1837; x_wconf 91' lang='lat' dir='ltr'><strong>qua</strong></span> 
     </span>
     <span class='ocr_line' id='line_1_19' title="bbox 166 1837 1169 1923; baseline 0.003 -20"><span class='ocrx_word' id='word_1_135' title='bbox 166 1860 239 1903; x_wconf 92' lang='lat' dir='ltr'><strong>cum</strong></span> <span class='ocrx_word' id='word_1_136' title='bbox 261 1860 388 1903; x_wconf 85' lang='lat' dir='ltr'><strong>summa</strong></span> <span class='ocrx_word' id='word_1_137' title='bbox 413 1838 539 1902; x_wconf 90' lang='lat' dir='ltr'><strong>utilitas</strong></span> <span class='ocrx_word' id='word_1_138' title='bbox 563 1838 673 1901; x_wconf 84' lang='lat' dir='ltr'><strong>existit</strong></span> <span class='ocrx_word' id='word_1_139' title='bbox 695 1837 736 1902; x_wconf 90' lang='lat' dir='ltr'><strong>ad</strong></span> <span class='ocrx_word' id='word_1_140' title='bbox 757 1859 808 1902; x_wconf 89' lang='lat' dir='ltr'><strong>res</strong></span> <span class='ocrx_word' id='word_1_141' title='bbox 834 1837 1072 1923; x_wconf 88' lang='lat' dir='ltr'><strong>ponderandas,</strong></span> <span class='ocrx_word' id='word_1_142' title='bbox 1098 1845 1169 1906; x_wconf 92' lang='lat' dir='ltr'><strong>tum</strong></span> 
     </span>
     <span class='ocr_line' id='line_1_20' title="bbox 166 1924 1169 2011; baseline 0.003 -21"><span class='ocrx_word' id='word_1_143' title='bbox 166 1948 315 1991; x_wconf 89' lang='lat' dir='ltr'><strong>maxume</strong></span> <span class='ocrx_word' id='word_1_144' title='bbox 340 1926 479 2011; x_wconf 81' lang='lat' dir='ltr'><strong>ingenua</strong></span> <span class='ocrx_word' id='word_1_145' title='bbox 507 1924 676 1989; x_wconf 89' lang='lat' dir='ltr'><strong>delectatio</strong></span> <span class='ocrx_word' id='word_1_146' title='bbox 704 1928 737 1988; x_wconf 88' lang='lat' dir='ltr'><strong>et</strong></span> <span class='ocrx_word' id='word_1_147' title='bbox 763 1924 862 2009; x_wconf 80' lang='lat' dir='ltr'><strong>digna</strong></span> <span class='ocrx_word' id='word_1_148' title='bbox 888 1927 1058 2008; x_wconf 88' lang='lat' dir='ltr'><strong>sapientia.</strong></span> <span class='ocrx_word' id='word_1_149' title='bbox 1108 1927 1169 1993; x_wconf 85' lang='lat' dir='ltr'><strong>Sed</strong></span> 
     </span>
     <span class='ocr_line' id='line_1_21' title="bbox 166 2011 1169 2099; baseline 0.003 -22"><span class='ocrx_word' id='word_1_150' title='bbox 166 2013 246 2077; x_wconf 88' lang='lat' dir='ltr'><strong>haec</strong></span> <span class='ocrx_word' id='word_1_151' title='bbox 269 2012 337 2077; x_wconf 89' lang='lat' dir='ltr'><strong>otii.</strong></span> <span class='ocrx_word' id='word_1_152' title='bbox 382 2011 540 2076; x_wconf 82' lang='lat' dir='ltr'><strong>Transeat</strong></span> <span class='ocrx_word' id='word_1_153' title='bbox 561 2011 646 2076; x_wconf 91' lang='lat' dir='ltr'><strong>idem</strong></span> <span class='ocrx_word' id='word_1_154' title='bbox 668 2011 732 2076; x_wconf 89' lang='lat' dir='ltr'><strong>iste</strong></span> <span class='ocrx_word' id='word_1_155' title='bbox 755 2012 882 2095; x_wconf 89' lang='lat' dir='ltr'><strong>sapiens</strong></span> <span class='ocrx_word' id='word_1_156' title='bbox 906 2013 946 2077; x_wconf 90' lang='lat' dir='ltr'><strong>ad</strong></span> <span class='ocrx_word' id='word_1_157' title='bbox 969 2035 1036 2078; x_wconf 87' lang='lat' dir='ltr'><strong>rem</strong></span> <span class='ocrx_word' id='word_1_158' title='bbox 1062 2016 1169 2099; x_wconf 90' lang='lat' dir='ltr'><strong>publi-</strong></span> 
     </span>
     <span class='ocr_line' id='line_1_22' title="bbox 166 2097 1169 2185; baseline 0.004 -21"><span class='ocrx_word' id='word_1_159' title='bbox 166 2120 238 2164; x_wconf 90' lang='lat' dir='ltr'><strong>cam</strong></span> <span class='ocrx_word' id='word_1_160' title='bbox 261 2097 421 2163; x_wconf 89' lang='lat' dir='ltr'><strong>tuendam.</strong></span> <span class='ocrx_word' id='word_1_161' title='bbox 457 2097 541 2174; x_wconf 93' lang='lat' dir='ltr'><strong>Quid</strong></span> <span class='ocrx_word' id='word_1_162' title='bbox 564 2120 601 2162; x_wconf 90' lang='lat' dir='ltr'><strong>eo</strong></span> <span class='ocrx_word' id='word_1_163' title='bbox 624 2098 730 2182; x_wconf 89' lang='lat' dir='ltr'><strong>possit</strong></span> <span class='ocrx_word' id='word_1_164' title='bbox 751 2120 821 2163; x_wconf 89' lang='lat' dir='ltr'><strong>esse</strong></span> <span class='ocrx_word' id='word_1_165' title='bbox 843 2102 1073 2185; x_wconf 89' lang='lat' dir='ltr'><strong>praestantius,</strong></span> <span class='ocrx_word' id='word_1_166' title='bbox 1091 2123 1169 2168; x_wconf 88' lang='lat' dir='ltr'><strong>cum</strong></span> 
     </span>
     <span class='ocr_line' id='line_1_23' title="bbox 168 2185 1169 2273; baseline 0.007 -24"><span class='ocrx_word' id='word_1_167' title='bbox 168 2185 353 2266; x_wconf 87' lang='lat' dir='ltr'><strong>[contineri]</strong></span> <span class='ocrx_word' id='word_1_168' title='bbox 377 2185 549 2268; x_wconf 89' lang='lat' dir='ltr'><strong>prudentia</strong></span> <span class='ocrx_word' id='word_1_169' title='bbox 566 2186 742 2251; x_wconf 91' lang='lat' dir='ltr'><strong>utilitatem</strong></span> <span class='ocrx_word' id='word_1_170' title='bbox 760 2186 878 2251; x_wconf 86' lang='lat' dir='ltr'><strong>civium</strong></span> <span class='ocrx_word' id='word_1_171' title='bbox 897 2193 1018 2273; x_wconf 88' lang='lat' dir='ltr'><strong>cernat,</strong></span> <span class='ocrx_word' id='word_1_172' title='bbox 1042 2188 1169 2256; x_wconf 89' lang='lat' dir='ltr'><strong>iustitia</strong></span> 
     </span>
     <span class='ocr_line' id='line_1_24' title="bbox 165 2271 1169 2360; baseline 0.007 -24"><span class='ocrx_word' id='word_1_173' title='bbox 165 2271 248 2336; x_wconf 91' lang='lat' dir='ltr'><strong>nihil</strong></span> <span class='ocrx_word' id='word_1_174' title='bbox 276 2272 311 2335; x_wconf 93' lang='lat' dir='ltr'><strong>in</strong></span> <span class='ocrx_word' id='word_1_175' title='bbox 338 2293 429 2337; x_wconf 91' lang='lat' dir='ltr'><strong>suam</strong></span> <span class='ocrx_word' id='word_1_176' title='bbox 456 2273 584 2338; x_wconf 89' lang='lat' dir='ltr'><strong>domum</strong></span> <span class='ocrx_word' id='word_1_177' title='bbox 615 2274 690 2338; x_wconf 91' lang='lat' dir='ltr'><strong>inde</strong></span> <span class='ocrx_word' id='word_1_178' title='bbox 726 2273 859 2357; x_wconf 85' lang='lat' dir='ltr'><strong>derivet,</strong></span> <span class='ocrx_word' id='word_1_179' title='bbox 894 2276 1025 2360; x_wconf 88' lang='lat' dir='ltr'><strong>reliquis</strong></span> <span class='ocrx_word' id='word_1_180' title='bbox 1057 2280 1169 2343; x_wconf 86' lang='lat' dir='ltr'><strong>utatur</strong></span> 
     </span>
     <span class='ocr_line' id='line_1_25' title="bbox 164 2360 1168 2448; baseline 0.007 -25"><span class='ocrx_word' id='word_1_181' title='bbox 164 2361 307 2424; x_wconf 89' lang='lat' dir='ltr'><strong>tottam</strong></span> <span class='ocrx_word' id='word_1_182' title='bbox 329 2360 487 2445; x_wconf 76' lang='lat' dir='ltr'><strong>variisque</strong></span> <span class='ocrx_word' id='word_1_183' title='bbox 510 2361 705 2426; x_wconf 76' lang='lat' dir='ltr'><strong>virtutibus?</strong></span> <span class='ocrx_word' id='word_1_184' title='bbox 755 2362 904 2448; x_wconf 82' lang='lat' dir='ltr'><strong>Adiunge</strong></span> <span class='ocrx_word' id='word_1_185' title='bbox 926 2363 1068 2428; x_wconf 85' lang='lat' dir='ltr'><strong>fructum</strong></span> <span class='ocrx_word' id='word_1_186' title='bbox 1090 2366 1168 2430; x_wconf 92' lang='lat' dir='ltr'><strong>arni·</strong></span> 
     </span>
     <span class='ocr_line' id='line_1_26' title="bbox 166 2447 1168 2532; baseline 0.005 -21"><span class='ocrx_word' id='word_1_187' title='bbox 166 2447 329 2530; x_wconf 90' lang='lat' dir='ltr'><strong>citiarum,</strong></span> <span class='ocrx_word' id='word_1_188' title='bbox 360 2448 394 2512; x_wconf 92' lang='lat' dir='ltr'><strong>in</strong></span> <span class='ocrx_word' id='word_1_189' title='bbox 425 2470 487 2532; x_wconf 91' lang='lat' dir='ltr'><strong>quc</strong></span> <span class='ocrx_word' id='word_1_190' title='bbox 520 2449 621 2514; x_wconf 91' lang='lat' dir='ltr'><strong>doctis</strong></span> <span class='ocrx_word' id='word_1_191' title='bbox 648 2450 789 2532; x_wconf 91' lang='lat' dir='ltr'><strong>positum</strong></span> <span class='ocrx_word' id='word_1_192' title='bbox 816 2453 866 2514; x_wconf 87' lang='lat' dir='ltr'><strong>est</strong></span> <span class='ocrx_word' id='word_1_193' title='bbox 894 2472 967 2514; x_wconf 92' lang='lat' dir='ltr'><strong>cum</strong></span> <span class='ocrx_word' id='word_1_194' title='bbox 998 2452 1168 2517; x_wconf 87' lang='lat' dir='ltr'><strong>consilium</strong></span> 
     </span>
     <span class='ocr_line' id='line_1_27' title="bbox 165 2535 1169 2623; baseline 0.005 -24"><span class='ocrx_word' id='word_1_195' title='bbox 165 2535 271 2600; x_wconf 91' lang='lat' dir='ltr'><strong>omnis</strong></span> <span class='ocrx_word' id='word_1_196' title='bbox 303 2535 388 2600; x_wconf 86' lang='lat' dir='ltr'><strong>vitae</strong></span> <span class='ocrx_word' id='word_1_197' title='bbox 420 2538 622 2601; x_wconf 87' lang='lat' dir='ltr'><strong>consentiens</strong></span> <span class='ocrx_word' id='word_1_198' title='bbox 659 2540 692 2600; x_wconf 91' lang='lat' dir='ltr'><strong>et</strong></span> <span class='ocrx_word' id='word_1_199' title='bbox 722 2557 824 2620; x_wconf 88' lang='lat' dir='ltr'><strong>paene</strong></span> <span class='ocrx_word' id='word_1_200' title='bbox 860 2538 1063 2623; x_wconf 85' lang='lat' dir='ltr'><strong>conspirans,</strong></span> <span class='ocrx_word' id='word_1_201' title='bbox 1098 2544 1169 2604; x_wconf 91' lang='lat' dir='ltr'><strong>tum</strong></span> 
     </span>
     <span class='ocr_line' id='line_1_28' title="bbox 165 2622 1169 2709; baseline 0.005 -23"><span class='ocrx_word' id='word_1_202' title='bbox 165 2644 292 2687; x_wconf 84' lang='lat' dir='ltr'><strong>summa</strong></span> <span class='ocrx_word' id='word_1_203' title='bbox 309 2622 491 2688; x_wconf 89' lang='lat' dir='ltr'><strong>iucunditas</strong></span> <span class='ocrx_word' id='word_1_204' title='bbox 510 2646 527 2688; x_wconf 86' lang='lat' dir='ltr'><strong>e</strong></span> <span class='ocrx_word' id='word_1_205' title='bbox 546 2625 708 2690; x_wconf 89' lang='lat' dir='ltr'><strong>cotidiano</strong></span> <span class='ocrx_word' id='word_1_206' title='bbox 727 2625 817 2688; x_wconf 90' lang='lat' dir='ltr'><strong>cultu</strong></span> <span class='ocrx_word' id='word_1_207' title='bbox 836 2627 931 2709; x_wconf 92' lang='lat' dir='ltr'><strong>atque</strong></span> <span class='ocrx_word' id='word_1_208' title='bbox 949 2626 1046 2690; x_wconf 77' lang='lat' dir='ltr'><strong>victu.</strong></span> <span class='ocrx_word' id='word_1_209' title='bbox 1084 2625 1169 2703; x_wconf 84' lang='lat' dir='ltr'><strong>Quid</strong></span> 
     </span>
     <span class='ocr_line' id='line_1_29' title="bbox 164 2709 1171 2794; baseline 0.005 -20"><span class='ocrx_word' id='word_1_210' title='bbox 164 2709 245 2775; x_wconf 89' lang='lat' dir='ltr'><strong>haec</strong></span> <span class='ocrx_word' id='word_1_211' title='bbox 272 2709 402 2774; x_wconf 89' lang='lat' dir='ltr'><strong>tandem</strong></span> <span class='ocrx_word' id='word_1_212' title='bbox 429 2711 497 2775; x_wconf 88' lang='lat' dir='ltr'><strong>vita</strong></span> <span class='ocrx_word' id='word_1_213' title='bbox 523 2711 695 2793; x_wconf 89' lang='lat' dir='ltr'><strong>desiderat,</strong></span> <span class='ocrx_word' id='word_1_214' title='bbox 722 2732 786 2794; x_wconf 91' lang='lat' dir='ltr'><strong>quo</strong></span> <span class='ocrx_word' id='word_1_215' title='bbox 810 2711 853 2775; x_wconf 87' lang='lat' dir='ltr'><strong>sit</strong></span> <span class='ocrx_word' id='word_1_216' title='bbox 875 2712 1021 2778; x_wconf 76' lang='lat' dir='ltr'><strong>beatior?</strong></span> <span class='ocrx_word' id='word_1_217' title='bbox 1049 2714 1101 2778; x_wconf 91' lang='lat' dir='ltr'><strong>cni</strong></span> <span class='ocrx_word' id='word_1_218' title='bbox 1123 2736 1171 2779; x_wconf 88' lang='lat' dir='ltr'><strong>re·</strong></span> 
     </span>
     <span class='ocr_line' id='line_1_30' title="bbox 163 2797 1168 2883; baseline 0.006 -22"><span class='ocrx_word' id='word_1_219' title='bbox 163 2797 264 2862; x_wconf 78' lang='lat' dir='ltr'><strong>fartae</strong></span> <span class='ocrx_word' id='word_1_220' title='bbox 283 2801 334 2861; x_wconf 90' lang='lat' dir='ltr'><strong>tot</strong></span> <span class='ocrx_word' id='word_1_221' title='bbox 351 2798 512 2881; x_wconf 89' lang='lat' dir='ltr'><strong>tantisque</strong></span> <span class='ocrx_word' id='word_1_222' title='bbox 531 2798 655 2881; x_wconf 80' lang='lat' dir='ltr'><strong>gaudiis</strong></span> <span class='ocrx_word' id='word_1_223' title='bbox 673 2797 817 2862; x_wconf 87' lang='lat' dir='ltr'><strong>Fortuna</strong></span> <span class='ocrx_word' id='word_1_224' title='bbox 837 2800 909 2883; x_wconf 89' lang='lat' dir='ltr'><strong>ipsa</strong></span> <span class='ocrx_word' id='word_1_225' title='bbox 927 2800 1019 2864; x_wconf 89' lang='lat' dir='ltr'><strong>cedat</strong></span> <span class='ocrx_word' id='word_1_226' title='bbox 1036 2821 1168 2868; x_wconf 85' lang='lat' dir='ltr'><strong>necesse</strong></span> 
     </span>
     <span class='ocr_line' id='line_1_31' title="bbox 164 2884 1168 2970; baseline 0.004 -20"><span class='ocrx_word' id='word_1_227' title='bbox 164 2889 224 2954; x_wconf 86' lang='lat' dir='ltr'><strong>est.</strong></span> <span class='ocrx_word' id='word_1_228' title='bbox 270 2884 389 2961; x_wconf 81' lang='lat' dir='ltr'><strong>Quodsi</strong></span> <span class='ocrx_word' id='word_1_229' title='bbox 412 2884 552 2968; x_wconf 83' lang='lat' dir='ltr'><strong>gaudere</strong></span> <span class='ocrx_word' id='word_1_230' title='bbox 573 2885 694 2949; x_wconf 84' lang='lat' dir='ltr'><strong>talibus</strong></span> <span class='ocrx_word' id='word_1_231' title='bbox 716 2885 812 2951; x_wconf 87' lang='lat' dir='ltr'><strong>bonis</strong></span> <span class='ocrx_word' id='word_1_232' title='bbox 835 2887 948 2970; x_wconf 89' lang='lat' dir='ltr'><strong>animi,</strong></span> <span class='ocrx_word' id='word_1_233' title='bbox 976 2888 1010 2952; x_wconf 92' lang='lat' dir='ltr'><strong>id</strong></span> <span class='ocrx_word' id='word_1_234' title='bbox 1034 2891 1085 2953; x_wconf 86' lang='lat' dir='ltr'><strong>est</strong></span> <span class='ocrx_word' id='word_1_235' title='bbox 1105 2889 1168 2953; x_wconf 82' lang='lat' dir='ltr'><strong>vir-</strong></span> 
     </span>
     <span class='ocr_line' id='line_1_32' title="bbox 164 2973 1168 3060; baseline 0.005 -24"><span class='ocrx_word' id='word_1_236' title='bbox 164 2973 303 3056; x_wconf 92' lang='lat' dir='ltr'><strong>tutibus,</strong></span> <span class='ocrx_word' id='word_1_237' title='bbox 331 2973 461 3036; x_wconf 88' lang='lat' dir='ltr'><strong>beatum</strong></span> <span class='ocrx_word' id='word_1_238' title='bbox 490 2976 538 3037; x_wconf 88' lang='lat' dir='ltr'><strong>est</strong></span> <span class='ocrx_word' id='word_1_239' title='bbox 564 2993 737 3055; x_wconf 89' lang='lat' dir='ltr'><strong>omnesque</strong></span> <span class='ocrx_word' id='word_1_240' title='bbox 768 2973 928 3057; x_wconf 88' lang='lat' dir='ltr'><strong>sapientes</strong></span> <span class='ocrx_word' id='word_1_241' title='bbox 960 2974 1013 3039; x_wconf 90' lang='lat' dir='ltr'><strong>his</strong></span> <span class='ocrx_word' id='word_1_242' title='bbox 1041 2977 1168 3060; x_wconf 83' lang='lat' dir='ltr'><strong>gaudiis</strong></span> 
     </span>
     <span class='ocr_line' id='line_1_33' title="bbox 111 3058 1169 3187; baseline 0.006 -64"><span class='ocrx_word' id='word_1_243' title='bbox 111 3122 132 3187; x_wconf 68' lang='grc'>2</span> <span class='ocrx_word' id='word_1_244' title='bbox 165 3060 379 3158; x_wconf 82' lang='lat' dir='ltr'><strong>perfruuntur,</strong></span> <span class='ocrx_word' id='word_1_245' title='bbox 398 3061 502 3160; x_wconf 79' lang='lat' dir='ltr'><strong>omnis</strong></span> <span class='ocrx_word' id='word_1_246' title='bbox 517 3079 571 3123; x_wconf 91' lang='lat' dir='ltr'><strong>eos</strong></span> <span class='ocrx_word' id='word_1_247' title='bbox 590 3058 703 3158; x_wconf 76' lang='lat' dir='ltr'><strong>beatos</strong></span> <span class='ocrx_word' id='word_1_248' title='bbox 718 3081 786 3124; x_wconf 88' lang='lat' dir='ltr'><strong>esse</strong></span> <span class='ocrx_word' id='word_1_249' title='bbox 801 3061 947 3127; x_wconf 87' lang='lat' dir='ltr'><strong>confiteri</strong></span> <span class='ocrx_word' id='word_1_250' title='bbox 957 3083 1091 3164; x_wconf 35' lang='lat' dir='ltr'><strong>&#39;necesse</strong></span> <span class='ocrx_word' id='word_1_251' title='bbox 1111 3066 1169 3129; x_wconf 87' lang='lat' dir='ltr'><strong>cst.</strong></span> 
     </span>
     <span class='ocr_line' id='line_1_34' title="bbox 116 3146 1170 3316; baseline 0.009 -21"><span class='ocrx_word' id='word_1_252' title='bbox 116 3200 149 3251; x_wconf 77' lang='lat'><strong>⁷³</strong></span> <span class='ocrx_word' id='word_1_253' title='bbox 231 3148 275 3296; x_wconf 72' lang='lat' dir='ltr'><strong>t:</strong></span> <span class='ocrx_word' id='word_1_254' title='bbox 298 3146 1019 3316; x_wconf 54' lang='lat' dir='ltr'><strong>ll³t¹¹lttft⁰0ttttlletti,</strong></span> <span class='ocrx_word' id='word_1_255' title='bbox 1041 3238 1170 3304; x_wconf 53' lang='lat' dir='ltr'><strong>notre</strong></span> 
     </span>
     <span class='ocr_line' id='line_1_35' title="bbox 165 3317 1170 3410; baseline 0.008 -27"><span class='ocrx_word' id='word_1_256' title='bbox 165 3319 218 3383; x_wconf 86' lang='lat' dir='ltr'><strong>An</strong></span> <span class='ocrx_word' id='word_1_257' title='bbox 240 3317 393 3402; x_wconf 83' lang='lat' dir='ltr'><strong>Epicuro,</strong></span> <span class='ocrx_word' id='word_1_258' title='bbox 420 3320 475 3403; x_wconf 93' lang='lat' dir='ltr'><strong>qui</strong></span> <span class='ocrx_word' id='word_1_259' title='bbox 502 3323 628 3384; x_wconf 89' lang='lat' dir='ltr'><strong>tantum</strong></span> <span class='ocrx_word' id='word_1_260' title='bbox 652 3321 748 3386; x_wconf 91' lang='lat' dir='ltr'><strong>modo</strong></span> <span class='ocrx_word' id='word_1_261' title='bbox 773 3322 878 3386; x_wconf 91' lang='lat' dir='ltr'><strong>induit</strong></span> <span class='ocrx_word' id='word_1_262' title='bbox 903 3343 1078 3407; x_wconf 88' lang='lat' dir='ltr'><strong>personam</strong></span> <span class='ocrx_word' id='word_1_263' title='bbox 1099 3327 1170 3410; x_wconf 92' lang='lat' dir='ltr'><strong>phi·</strong></span> 
     </span>
     <span class='ocr_line' id='line_1_36' title="bbox 164 3405 1170 3495; baseline 0.007 -24"><span class='ocrx_word' id='word_1_264' title='bbox 164 3405 292 3489; x_wconf 88' lang='lat' dir='ltr'><strong>Iosophi</strong></span> <span class='ocrx_word' id='word_1_265' title='bbox 315 3409 348 3469; x_wconf 90' lang='lat' dir='ltr'><strong>et</strong></span> <span class='ocrx_word' id='word_1_266' title='bbox 369 3406 432 3470; x_wconf 89' lang='lat' dir='ltr'><strong>sibi</strong></span> <span class='ocrx_word' id='word_1_267' title='bbox 454 3407 523 3490; x_wconf 90' lang='lat' dir='ltr'><strong>ipse</strong></span> <span class='ocrx_word' id='word_1_268' title='bbox 545 3407 607 3473; x_wconf 91' lang='lat' dir='ltr'><strong>hoc</strong></span> <span class='ocrx_word' id='word_1_269' title='bbox 627 3429 745 3473; x_wconf 89' lang='lat' dir='ltr'><strong>nomen</strong></span> <span class='ocrx_word' id='word_1_270' title='bbox 767 3410 944 3495; x_wconf 88' lang='lat' dir='ltr'><strong>inscripsit,</strong></span> <span class='ocrx_word' id='word_1_271' title='bbox 967 3412 1073 3477; x_wconf 89' lang='lat' dir='ltr'><strong>dicere</strong></span> <span class='ocrx_word' id='word_1_272' title='bbox 1095 3414 1170 3478; x_wconf 90' lang='lat' dir='ltr'><strong>lice·</strong></span> 
     </span>
     <span class='ocr_line' id='line_1_37' title="bbox 87 3493 1170 3602; baseline 0.006 -43"><span class='ocrx_word' id='word_1_273' title='bbox 87 3517 103 3602; x_wconf 69' lang='lat' dir='ltr'><strong>q</strong></span> <span class='ocrx_word' id='word_1_274' title='bbox 164 3494 227 3579; x_wconf 88' lang='lat' dir='ltr'><strong>bit,</strong></span> <span class='ocrx_word' id='word_1_275' title='bbox 254 3493 503 3578; x_wconf 80' lang='lat' dir='ltr'><strong>quodquidam,</strong></span> <span class='ocrx_word' id='word_1_276' title='bbox 531 3499 567 3558; x_wconf 93' lang='lat' dir='ltr'><strong>ut</strong></span> <span class='ocrx_word' id='word_1_277' title='bbox 592 3495 694 3561; x_wconf 89' lang='lat' dir='ltr'><strong>habet</strong></span> <span class='ocrx_word' id='word_1_278' title='bbox 716 3517 749 3560; x_wconf 94' lang='lat' dir='ltr'><strong>se</strong></span> <span class='ocrx_word' id='word_1_279' title='bbox 775 3517 840 3575; x_wconf 86' lang='lat' dir='ltr'><strong>res,</strong></span> <span class='ocrx_word' id='word_1_280' title='bbox 866 3518 918 3562; x_wconf 92' lang='lat' dir='ltr'><strong>me</strong></span> <span class='ocrx_word' id='word_1_281' title='bbox 945 3502 1056 3565; x_wconf 90' lang='lat' dir='ltr'><strong>tamen</strong></span> <span class='ocrx_word' id='word_1_282' title='bbox 1078 3502 1170 3584; x_wconf 87' lang='lat' dir='ltr'><strong>plau·</strong></span> 
     </span>
    </p>
   </div>
   <div class='ocr_carea' id='block_1_3' title="bbox 0 0 1242 3848">
    <p class='ocr_par' dir='ltr' id='par_1_3' title="bbox 0 0 1242 3848">
     <span class='ocr_line' id='line_1_38' title="bbox 0 0 1242 3848; baseline 0 1"><span class='ocrx_word' id='word_1_283' title='bbox 0 0 1242 3848; x_wconf 95' lang='lat' dir='ltr'><strong> </strong></span> 
     </span>
    </p>
   </div>
  </div>
 </body>
</html>
