2476 3848
533 165 771 232 -382-

210 327 273 393 Sed
289 327 434 412 profecto
453 348 540 391 mors
558 331 629 391 tum
643 322 837 410 aequissimo
851 327 960 390 animo
977 327 1154 411 oppetitur,

144 439 216 482 eum
242 418 309 480 suis
337 438 371 480 se
396 414 545 479 laudibus
572 415 642 480 rita
669 414 815 480 occidens
843 415 1003 479 consolari
1030 419 1153 498 potest.

143 506 246 571 Nemo
270 527 384 588 parum
407 504 461 568 diu
484 504 578 583 vixit,
601 503 656 587 qui
678 502 807 566 virtutis
826 502 987 585 perfectae
1005 503 1151 585 perfecto

142 594 270 658 frmctus
294 596 344 657 est
366 612 506 656 munere.
541 591 647 654 Multa
669 589 749 654 mihi
772 591 835 673 ipsi
853 589 893 653 ad
912 594 1049 655 mortem
1068 595 1151 656 tem-

142 682 268 765 pestiva
289 679 435 757 fuerunt,
459 701 540 764 quae
563 680 687 743 utinam
710 679 888 761 potuissem
911 679 1014 742 obire!
1053 678 1150 745 Nihil

144 769 227 833 enim
255 769 320 831 iam
348 767 588 851 acquirebatur,
615 767 777 830 cumulata
804 770 896 829 erant
922 766 1030 830 officia
1052 768 1152 853 vitae,

143 879 216 922 cum
246 856 378 922 fortuna
409 854 495 919 bella
530 854 705 918 restabant.
760 852 866 929 Quare
896 855 925 917 si
956 854 1028 937 ipsa
1063 857 1150 921 ratio

142 947 248 1009 minue
279 943 436 1028 perficiet,
467 946 504 1006 ut
534 945 672 1006 mortem
702 941 875 1025 neglegere
907 943 1082 1025 possimus,
1115 949 1150 1008 at

143 1034 210 1097 vita
229 1035 302 1096 acta
323 1029 480 1114 perficiat,
503 1035 540 1094 ut
558 1029 637 1093 satis
657 1050 812 1112 superque
831 1030 950 1094 vixisse
973 1031 1149 1096 videamur.

143 1121 343 1203 Quamquam
362 1118 448 1182 enim
467 1139 578 1181 sensus
597 1117 724 1199 abierit,
741 1120 849 1180 tamen
869 1118 936 1182 suis
956 1122 988 1182 et
1006 1121 1148 1202 propriis

142 1209 236 1273 bonis
260 1206 363 1272 laudis
383 1209 415 1268 et
437 1205 573 1289 gloriae,
597 1206 742 1288 quamvis
761 1227 827 1268 non
847 1206 1002 1288 sentiant,
1025 1209 1146 1271 mortui

142 1319 208 1362 non
230 1297 348 1360 carent.
392 1292 465 1357 Etsi
493 1293 578 1356 enim
606 1292 690 1356 nihil
712 1293 811 1358 habet
834 1294 868 1356 in
891 1315 926 1357 se
949 1294 1063 1378 gloria,
1089 1316 1146 1357 cur

144 1385 323 1467 expetatur,
350 1385 460 1445 tamen
487 1381 638 1445 virtutem
668 1385 833 1465 tamquam
856 1382 972 1446 umbra
993 1382 1145 1464 sequitur.

90 1449 142 1575 ᾗ)
165 1470 286 1536 Verum
304 1469 520 1534 multitudinis
543 1469 698 1533 iudicium
716 1469 754 1532 de
778 1469 870 1533 bonis
889 1470 917 1533 si
940 1468 1065 1553 quando
1086 1474 1147 1553 est,

143 1560 247 1644 magis
274 1557 470 1622 laudandum
498 1562 548 1622 est
574 1579 670 1640 quam
701 1556 750 1620 illi
782 1557 822 1621 ob
855 1579 926 1620 eam
954 1579 1022 1622 rem
1050 1558 1148 1623 beati.

142 1647 217 1713 Non
238 1669 371 1730 possum
394 1649 503 1709 autem
524 1644 640 1728 dicere,
663 1645 905 1729 quoquomodo
927 1645 990 1710 hoc
1012 1647 1147 1730 accipie-

142 1740 209 1818 tur,
226 1733 420 1818 Lycurgum,
443 1731 594 1797 Solonem
613 1732 722 1815 legum
741 1737 774 1796 εὴ
791 1732 939 1815 publicae
957 1732 1148 1817 disciplinae

143 1844 250 1888 carere
281 1822 399 1906 gloria,
430 1820 692 1897 Themistoclem,
724 1819 981 1904 Epaminondam
1013 1822 1148 1887 bellicae

142 1912 279 1976 virtutis.
316 1909 402 1972 Ante
425 1909 512 1971 enim
531 1906 696 1972 Salamina
718 1907 822 1990 ipsam
839 1907 1009 1991 Neptunus
1031 1911 1148 1975 obruet

143 2020 239 2082 quam
266 1995 434 2061 Salaminii
460 1995 585 2078 tropaei
608 1996 808 2080 memoriam,
835 1997 987 2080 priusque
1009 1995 1148 2062 Boeotia

142 2087 278 2149 Leuctra
314 2085 471 2147 tollentur
507 2105 603 2166 quam
644 2103 770 2167 pugnae
806 2082 992 2148 Leuctricae
1031 2085 1147 2169 gloria.

141 2172 246 2237 Multo
266 2175 374 2235 autem
391 2171 515 2234 tardius
533 2170 621 2234 fama
639 2171 763 2235 deseret
784 2169 930 2255 Curium,
953 2171 1148 2258 Fabricium,

143 2259 340 2341 Calatinum,
368 2260 428 2323 duo
457 2257 636 2342 Scipiones,
665 2260 727 2324 duo
752 2259 937 2343 Africanos,
959 2258 1149 2346 Maximum,

141 2348 343 2425 Marcellum,
365 2346 515 2424 Paulum,
539 2345 707 2430 Catonem,
730 2346 884 2431 Laelium,
903 2348 1147 2415 innumerabilis

142 2438 238 2520 ali0s3
268 2458 404 2520 quorum
434 2435 676 2499 similitudinem
707 2436 847 2519 aliquam
877 2437 932 2519 qui
965 2437 1149 2520 arripuerit,

141 2548 207 2590 non
242 2546 313 2588 eam
347 2524 437 2588 fama
467 2524 628 2606 populari,
665 2523 721 2588 sed
751 2546 827 2587 vera
858 2525 1015 2588 bonorum
1052 2525 1147 2589 laude

142 2614 277 2679 metiens
304 2611 415 2675 fidenti
443 2612 562 2694 animo,
590 2611 618 2675 si
646 2612 692 2675 ita
714 2633 765 2675 res
792 2611 888 2696 feret,
917 2613 1084 2696 gradietur
1106 2614 1148 2678 ad

142 2705 292 2783 mortem,
330 2701 364 2763 in
396 2721 459 2784 qua
491 2703 547 2763 aut
583 2721 742 2763 summum
775 2700 894 2763 bonum
931 2704 987 2764 aut
1021 2701 1148 2765 nullum

142 2790 262 2854 malum
295 2810 364 2852 esse
396 2787 613 2871 cognovimus.
658 2785 809 2851 Secundis
841 2810 917 2853 vero
950 2789 1016 2852 suis
1048 2789 1147 2853 rebus

141 2879 230 2942 volet
262 2877 359 2940 etiam
389 2875 484 2956 mori3
511 2895 578 2939 non
605 2875 690 2939 enim
717 2877 785 2939 tam
813 2875 958 2939 cumulus
985 2875 1147 2940 bonorum

90 2982 138 3031 111
163 2964 318 3029 iucundus
349 2986 418 3028 esse
445 2966 554 3046 potest
580 2984 675 3046 quam
698 2963 835 3027 molesta
857 2964 1010 3031 decessio.
1053 2963 1148 3029 Hane

142 3052 333 3117 sententiam
363 3051 543 3135 significare
573 3051 699 3114 videtur
728 3049 865 3116 Laconis
894 3051 953 3115 illa
976 3073 1055 3134 uox,
1082 3052 1149 3136 qui,

141 3161 213 3204 cum
235 3139 381 3203 Rhodius
403 3138 575 3223 Diagoras,
598 3137 837 3221 Olympionices
854 3140 988 3221 nobilis,
1011 3161 1074 3204 uno
1094 3139 1148 3204 die

142 3228 204 3291 duo
228 3248 302 3291 suos
325 3226 408 3290 filios
429 3228 568 3290 victores
589 3225 755 3309 Olympiae
778 3227 923 3305 vidisset,
946 3228 1081 3292 accessit
1106 3229 1148 3293 ad

142 3337 249 3378 senem
282 3318 315 3377 et
346 3315 539 3396 gratulatus:
582 3313 757 3397 ‘Morera
788 3314 987 3399 Diagora',
1025 3315 1147 3401 inquit3

141 3403 230 3467 ‘non
263 3402 362 3466 enim
394 3402 432 3466 in
463 3403 608 3466 caelum
641 3423 870 3467 ascensurus
907 3402 967 3467 es?
1025 3401 1148 3488 Magna

138 3492 228 3574 baec,
249 3494 281 3554 εὴ
298 3490 434 3554 nimium
451 3490 598 3572 fortasse,
619 3487 733 3554 Graeci
748 3495 866 3572 putant
881 3491 933 3555 vel
952 3494 1021 3555 tum
1035 3493 1146 3574 potius
