2476 3848
534 184 774 248 -292-

94 357 128 406 66
147 361 219 403 rum
232 360 359 402 morsus
373 337 517 402 munitur
535 337 622 402 vallo
637 337 818 404 aristarum.
853 337 936 415 ouis
955 361 1016 426 ego
1034 341 1154 408 vitium

147 430 247 510 ortus,
271 430 370 510 satus,
390 426 588 490 incrementa
605 427 875 490 commemorem?
912 427 1032 493 Satiari
1050 430 1153 496 delec-

146 515 269 578 tatione
292 536 358 578 non
379 535 526 598 possum,
554 517 592 576 111
618 535 708 578 111666
732 515 905 579 senectutis
928 517 1072 599 requiem
1096 520 1153 582 ob-

145 603 438 685 lectamentumque
469 600 621 666 noscatis.
673 600 797 666 Omitto
830 602 916 667 enim
946 604 1014 668 vim
1045 605 1153 689 ipsam

147 690 303 772 omnium,
331 710 412 773 quae
441 692 636 774 generantur
664 711 681 752 e
706 692 808 772 terra3
836 711 917 772 quae
946 713 984 755 ex
1006 693 1059 756 fici
1081 697 1153 758 tan-

147 778 216 841 tulo
250 799 351 862 grano
384 780 440 840 aut
472 799 511 841 ex
542 776 626 841 acini
657 777 789 841 vinaceo
821 781 877 841 aut
905 800 944 842 ex
972 784 1153 846 ceterarum

65 906 67 910 ι
145 865 277 950 frugum
305 868 361 929 aut
392 865 542 948 stirpium
573 864 799 928 minutissimis
832 865 1008 931 seminibus
1040 872 1152 934 tantos

146 957 278 1016 trimoos
309 974 480 1036 ramosque
512 955 667 1036 procreet.
716 951 875 1035 Malleoli,
906 954 1051 1038 plantae,
1085 978 1153 1021 sar·

146 1043 265 1123 menta,
283 1040 482 1123 viviradices,
500 1040 694 1124 propagines
708 1061 814 1104 nonne
828 1040 980 1124 efficiunt,
993 1047 1031 1106 ut
1045 1065 1153 1127 quem·

146 1127 195 1192 vis
220 1149 291 1190 611111
315 1126 528 1191 admiratione
556 1127 737 1205 delectent?
781 1126 869 1191 Vitis
898 1130 1039 1214 quidem,
1068 1153 1151 1214 quae

145 1218 263 1278 natura
285 1215 404 1279 caduca
427 1220 477 1279 est
500 1219 540 1297 et,
562 1215 626 1278 nisi
647 1214 733 1278 fulta
756 1218 814 1298 est,
836 1216 940 1280 fertur
961 1218 1002 1281 ad
1020 1222 1151 1305 terram,

146 1303 270 1386 eadem,
302 1304 339 1367 ut
367 1325 402 1367 se
428 1303 546 1387 erigat,
579 1303 744 1367 claviculis
777 1302 843 1366 suis
872 1305 966 1386 quasi
991 1307 1151 1390 manibus,

147 1390 297 1473 quicquid
315 1394 364 1454 661
382 1394 487 1474 nacta,
506 1390 743 1474 complectitur3
763 1412 859 1473 quam
874 1396 1058 1476 serpentem
1071 1397 1151 1458 mul·

145 1478 250 1562 tiplioi
277 1478 372 1562 lapsu
399 1482 432 1542 et
459 1479 595 1543 erratico
622 1478 709 1542 ferro
742 1483 913 1562 amputans
943 1485 1068 1545 codroet
1096 1505 1150 1546 ars

147 1566 372 1651 agricolarum,
390 1588 430 1629 ne
449 1566 600 1630 silvescat
619 1566 790 1630 sarmentis
810 1571 843 1630 et
860 1566 895 1630 in
909 1589 1018 1632 omnes
1036 1573 1149 1651 partes

94 1653 429 1720 6311111616ηὰ61111.
474 1652 589 1736 Itaque
611 1654 741 1717 ineunte
763 1675 838 1718 vere
861 1654 895 1718 in
916 1655 970 1738 iis,
997 1677 1078 1738 quae
1100 1678 1150 1720 re·

146 1742 223 1806 licta
246 1746 330 1824 sunt,
354 1741 463 1805 exist't
485 1745 653 1823 tamquam
676 1742 717 1806 ad
738 1741 891 1806 articulos
911 1745 1149 1808 sarmentorum

146 1850 192 1913 ea,
215 1851 297 1912 quae
321 1850 450 1913 gemma
470 1829 595 1906 dicitur,
619 1850 638 1893 a
656 1850 720 1911 qua
739 1829 845 1893 oriens
863 1851 927 1894 uva
945 1827 1150 1914 se'ostendit,

147 1938 228 2000 quae
251 1920 284 1980 et
307 1937 383 1979 suco
406 1919 512 1980 terrae
538 1920 571 1979 et
599 1917 705 1981 661616
732 1917 811 1981 66116
839 1937 1014 2000 augescens
1041 1919 1150 2002 primo

147 2007 197 2066 est
214 2002 390 2085 peracerba
408 2007 549 2087 gustatu,
569 2003 680 2068 deinde
699 2007 863 2069 maturata
881 2004 1036 2070 dulcescit
1053 2008 1150 2070 vesti-

145 2093 244 2173 taque
270 2090 432 2173 pampinis
463 2112 521 2155 nec
552 2091 678 2155 modico
710 2095 822 2175 tepore
853 2096 942 2156 caret
970 2096 1002 2156 et
1030 2093 1150 2159 nimios

146 2177 225 2240 solis
257 2176 399 2240 defendit
431 2178 569 2243 ardores.
624 2177 694 2254 Qua
725 2179 802 2262 quid
832 2183 942 2264 potest
974 2201 1044 2245 esse
1076 2203 1150 2246 cum

144 2263 252 2328 fructu
275 2265 401 2348 laetius,
423 2268 494 2329 tum
517 2270 649 2351 aspectu
671 2266 861 2350 pulchrius?
898 2266 995 2332 Cuius
1019 2269 1150 2352 quidem

144 2373 211 2415 non
232 2352 358 2416 utilitas
382 2374 433 2417 me
456 2354 575 2437 solum,
601 2358 639 2418 ut
666 2359 741 2418 61116
769 2355 847 2438 dixi,
875 2355 930 2420 sed
958 2357 1056 2420 etiam
1084 2359 1150 2422 cul·

145 2443 220 2503 tura
243 2444 275 2503 61
298 2444 415 2504 natura
436 2440 509 2526 ipsa
536 2442 687 2525 delectat,
715 2442 983 2507 adminiculorum
1011 2443 1149 2529 ordines,

145 2527 287 2611 capitum
310 2528 448 2612 iugatio,
475 2528 627 2614 religatio
651 2533 683 2592 et
705 2530 899 2614 propagatio
922 2531 1052 2614 vitium,
1083 2553 1150 2597 sar·

144 2619 328 2680 mentorum
351 2638 397 2700 ea,
421 2638 518 2698 quam
542 2617 615 2700 dixi,
639 2617 776 2681 aliorum
795 2618 985 2701 amputatio,
1009 2618 1150 2685 aliorum

144 2703 299 2766 inmissio.
346 2702 430 2778 Quid
457 2725 517 2789 ego
544 2704 764 2789 irrigationes,
795 2705 871 2788 quid
892 2703 1052 2769 fossiones
1076 2708 1150 2792 agri

144 2791 480 2874 repastinationesque
511 2791 688 2877 proferam,
721 2792 835 2875 quibus
862 2793 901 2856 fit
927 2791 1032 2857 multo
1060 2797 1150 2858 terra

92 2892 126 2941 64
144 2877 331 2942 fecundior?
360 2879 437 2962 quid
461 2878 500 2942 de
522 2879 665 2944 utilitate
693 2880 807 2962 loquar
831 2880 1053 2945 stercorandi?
1084 2881 1152 2945 dixi

144 2965 238 3028 ineo
266 2966 364 3048 libro,
393 2988 489 3048 quem
516 2966 554 3030 de
580 2967 677 3032 rebus
704 2967 834 3032 rusticis
862 2968 990 3052 scripsi3
1020 2967 1058 3033 de
1086 2991 1152 3052 qua

145 3052 257 3115 doctus
280 3052 442 3118 Hesiodus
464 3075 506 3118 ne
523 3054 659 3118 verbum
677 3055 806 3138 quidem
827 3055 914 3139 fecit,
937 3076 1010 3120 cum
1028 3055 1067 3119 do
1086 3057 1152 3120 cul·

145 3142 219 3202 tura
242 3140 315 3223 agri
338 3141 502 3205 scriberet.
538 3140 584 3205 At
602 3141 773 3226 Homerus,
797 3143 852 3226 qui
869 3143 992 3227 multis,
1014 3146 1052 3207 ut
1070 3144 1153 3209 mihi

144 3225 279 3310 videtur,
303 3230 378 3290 ante
401 3229 538 3293 saeculis
560 3229 636 3313 fuit,
658 3229 810 3295 Ladrtam
832 3230 1006 3295 lenientem
1030 3230 1152 3298 deside-

144 3313 242 3395 rium,
270 3313 356 3396 quod
378 3316 527 3399 capiebat
550 3340 567 3381 6
589 3317 672 3401 filio,
695 3318 858 3383 colentem
881 3341 996 3404 agrum
1019 3321 1053 3385 et
1076 3340 1152 3387 enm

144 3402 377 3466 stercorantem
394 3403 482 3467 facit.
518 3404 587 3470 Nec
603 3426 680 3471 vero
699 3406 864 3491 segetibus
879 3408 986 3472 solum
999 3409 1033 3472 et
1045 3407 1152 3491 pratis

92 3523 104 3596 p
142 3490 178 3553 61
190 3488 293 3554 vineis
310 3494 344 3555 et
362 3491 503 3556 arbustis
522 3514 574 3557 res
592 3493 732 3559 rusticae
750 3495 856 3560 166166
870 3498 955 3579 sunt,
973 3494 1030 3561 sed
1042 3493 1153 3562 hortis
