2476 3848
530 152 770 217 -296-

153 308 186 369 et
204 303 290 388 apud
306 324 367 368 nos
386 304 419 366 et
436 301 471 364 in
492 299 565 365 aliis
589 299 785 383 civitatibus,
807 302 845 363 ut
868 319 1013 383 quaeque
1037 299 1160 383 optime

152 395 280 456 morata
294 394 353 474 est,
371 389 419 453 ita
436 386 684 472 diligentissime
703 387 926 452 observantur.
957 386 1161 470 Lysandrum

152 477 454 559 Lacedaemonium,
484 475 573 540 cuius
601 475 696 539 modo
723 474 785 539 feci
814 474 1024 558 mentionem,
1049 475 1161 549 ,dicere

153 567 244 631 aiunt
272 566 405 629 solitum
427 563 700 627 Lacedaemonem
723 584 793 626 esse
818 561 1084 626 honestissimum
1108 563 1162 626 do-

153 654 310 718 micilium
337 651 525 733 senectutis3
553 673 713 736 nusquam
740 649 826 714 enim
852 653 982 714 tantum
1004 650 1162 714 tribuitur

154 741 265 824 aetati,
286 741 453 823 nusquam
470 742 520 802 est
544 742 690 802 senectus
713 737 912 801 honoratior.
954 736 1038 812 Quin
1061 737 1162 802 etiam

153 829 328 893 memoriae
350 826 515 911 proditum
538 829 597 909 est,
620 847 693 889 cum
711 823 850 888 Athenis
873 824 958 888 ludis
977 825 1108 908 quidam
1127 826 1163 890 in

153 917 319 981 theatrum
333 914 465 999 grandis
481 916 561 978 natu
575 913 726 996 venisset,
743 934 863 997 magno
882 934 1035 976 consessu
1052 914 1162 977 locum

152 1025 314 1086 nusquam
332 1002 362 1066 ei
380 1001 491 1065 datum
511 1024 530 1064 a
548 1001 615 1065 suis
634 1000 771 1082 civibus3
789 1022 862 1064 cum
880 1004 989 1064 autem
1008 1001 1050 1065 ad
1065 1000 1162 1066 Lace

155 1090 341 1155 daemonius
365 1088 572 1172 accessisset„
585 1088 640 1171 qui
661 1088 765 1172 legati
783 1110 856 1152 cum
874 1090 991 1169 essent,
1014 1092 1103 1153 certo
1126 1089 1163 1153 in

155 1179 226 1243 loco
250 1176 468 1259 consederant,
492 1175 729 1240 consurrexisse
753 1197 863 1239 omnes
886 1175 938 1239 illi
956 1175 1106 1240 dicuntur
1129 1180 1163 1240 et

102 1282 137 1331 64
156 1287 264 1330 senem
288 1269 412 1328 sessum
440 1263 607 1347 recepisse.
653 1261 776 1337 Quibus
803 1285 919 1327 cuma
946 1267 1061 1329 cuncto
1089 1285 1163 1329 con-

155 1375 247 1418 sessu
278 1353 410 1436 plausus
443 1355 529 1415 esset
560 1351 731 1434 multiplex
763 1350 871 1433 datus,
904 1350 1022 1414 dixisse
1055 1373 1094 1416 ex
1120 1351 1162 1416 iis
1219 1383 1223 1394 ·

155 1441 315 1525 quendam
332 1439 547 1504 Athenienses
568 1439 657 1522 scire,
681 1459 762 1521 quae
784 1441 874 1503 recta
897 1441 1013 1521 essent,
1037 1439 1094 1503 sed
1115 1439 1162 1503 fa-

155 1551 226 1593 cere
253 1528 350 1592 nolle.
374 1527 499 1592 ,Multa
525 1526 560 1590 in
587 1529 695 1591 vestro
727 1525 866 1610 collegio
893 1528 1072 1610 praeclara,
1105 1527 1163 1590 sed

154 1617 225 1699 hoc,
244 1617 283 1679 de
301 1638 364 1699 quo
384 1615 520 1700 agimus,
538 1614 714 1698 inprimis,
733 1614 827 1697 quod,
845 1616 882 1677 ut
901 1614 1034 1697 quisque
1053 1617 1162 1677 aetate

156 1704 325 1786 antecedit,
339 1704 386 1767 ita
401 1702 580 1766 sententiae
593 1701 811 1785 principatum
824 1704 923 1784 tenet,
936 1722 1038 1784 neque
1053 1701 1161 1764 solum

154 1792 277 1856 honore
301 1790 573 1871 antecedentibus,
596 1789 652 1852 sed
670 1788 710 1852 iis
730 1788 838 1871 etiam,
861 1790 1006 1872 quicum
1023 1787 1161 1872 imperio

156 1882 253 1961 sunt,
264 1879 403 1942 maiores
426 1880 507 1940 natu
530 1896 667 1960 augures
690 1879 937 1960 anteponuntur.
973 1875 1061 1951 Quae
1085 1880 1163 1939 sunt

155 1966 258 2051 igitur
284 1965 471 2048 voluptates
503 1963 647 2047 corporis
676 1985 749 2027 cum
777 1963 980 2028 auctoritatis
1008 1964 1162 2048 praemiis

156 2052 413 2136 comparandae?
444 2050 559 2134 quibus
584 2051 639 2133 qui
661 2051 827 2134 splendide
849 2052 902 2115 usi
924 2054 1012 2134 sunt,
1034 2052 1058 2114 ii
1081 2051 1163 2116 mihi

156 2140 306 2203 videntur
327 2138 473 2203 fabulam
502 2138 619 2202 aetatis
646 2139 810 2224 peregisse
837 2161 896 2203 nec
921 2143 1090 2222 tamquam
1115 2139 1163 2204 in·

157 2226 324 2290 exercitati
346 2225 521 2290 histriones
544 2226 580 2289 in
602 2229 745 2290 extremo
770 2230 844 2290 actu
867 2227 1034 2292 corruisse.

103 2329 138 2378 65
223 2312 269 2377 At
296 2317 372 2378 sunt
398 2313 520 2377 morosi
547 2316 580 2376 et
608 2313 695 2377 anxii
723 2317 756 2377 et
781 2314 926 2379 iracundi
954 2317 987 2378 et
1014 2313 1162 2380 difficiles

157 2422 257 2466 senes.
303 2399 338 2464 Si
365 2402 561 2484 quaerimus,
589 2401 687 2466 etiam
715 2401 819 2485 avari3
846 2402 903 2466 sed
929 2403 1009 2466 haec
1035 2424 1163 2467 morum

156 2489 237 2554 vitia
255 2492 340 2573 sunt,
362 2510 429 2553 non
447 2489 630 2554 senectutis.
666 2488 715 2553 Ac
737 2489 911 2554 morositas
934 2493 1045 2554 tamen
1067 2493 1101 2555 et
1124 2513 1163 2555 ea

156 2577 246 2661 vitia,
270 2599 351 2660 quae
374 2577 448 2661 dixi,
471 2577 593 2640 habent
616 2576 739 2660 aliquid
757 2577 971 2642 excusationis
989 2599 1056 2643 non
1072 2577 1162 2642 illius

157 2666 286 2749 quidem
309 2665 422 2748 iustae,
447 2665 502 2728 sed
526 2686 607 2747 quae
630 2664 764 2749 probari
786 2687 881 2749 posse
904 2665 1065 2748 videatur,
1090 2687 1163 2731 con-

156 2754 259 2819 temni
282 2774 315 2817 se
338 2755 469 2837 putant,
497 2751 630 2835 despici,
656 2751 772 2834 inludi3
801 2757 969 2837 praeterea
995 2753 1030 2816 in
1051 2752 1164 2838 fragili

156 2863 291 2928 corpore
310 2842 422 2906 odiosa
440 2840 544 2906 omnis
564 2839 698 2903 offensio
722 2843 780 2903 est.
817 2839 904 2915 Quae
922 2845 1034 2905 tamen
1053 2841 1164 2905 omnia

157 2929 300 2995 dulciora
322 2930 405 2992 fiunt
428 2930 461 2992 et
483 2926 628 2991 moribus
650 2927 744 2991 bonis
764 2931 796 2992 et
815 2929 948 3012 artibus,
971 2928 1067 3011 idque
1090 2950 1165 2993 cum

156 3015 192 3080 in
212 3017 290 3100 vita,
313 3020 384 3079 turn
401 3016 436 3079 in
455 3037 570 3079 scaena
587 3015 736 3099 intellegi
754 3018 863 3099 potest
882 3038 920 3080 ex
938 3016 979 3080 iis
997 3015 1165 3100 fratribus,

158 3103 213 3185 qui
239 3103 274 3165 in
301 3101 459 3186 Adelphis
488 3106 572 3167 sunt.
618 3101 746 3177 Quanta
772 3103 806 3166 in
834 3104 937 3169 altero
970 3104 1098 3188 diritas,
1130 3105 1166 3168 in

159 3190 261 3254 altero
285 3191 433 3254 comitasl
471 3188 523 3255 Sic
546 3212 581 3255 se
604 3212 655 3254 res
678 3190 791 3255 habet:
814 3194 852 3255 ut
874 3192 960 3256 enim
981 3213 1048 3255 non
1069 3213 1165 3257 omne

157 3278 276 3359 vinum,
300 3276 346 3340 sic
368 3299 434 3341 non
456 3278 561 3342 omnis
583 3281 702 3361 natura
723 3281 886 3343 vetustate
909 3278 1075 3344 coacescit.
1111 3276 1166 3343 Se·

157 3364 329 3428 veritatem
359 3363 395 3428 in
426 3369 589 3431 senectute
621 3365 738 3450 probo,
770 3367 827 3431 sed
858 3389 942 3450 eam,
974 3366 1058 3430 sicut
1090 3366 1166 3451 alia,

106 3463 142 3514 66
162 3452 330 3536 modicam,
354 3451 565 3535 acerbitatem
586 3454 678 3518 nullo
701 3453 806 3519 modo.
846 3453 997 3520 Avaritia
1019 3474 1095 3518 vero
1119 3474 1168 3519 se·
