2476 3848
509 131 662 198 -438
711 167 748 176 -

125 314 274 358 maxume
301 295 447 377 optatam
474 296 507 356 et
535 294 709 376 expetitam
739 292 944 356 securitatem
974 288 1138 376 (securi-

124 383 245 444 tatem
276 383 382 444 autem
411 402 496 445 nunc
526 380 654 463 appello
684 379 879 444 vacuitatem
909 379 1137 467 aegritudinis,

125 468 162 531 in
184 488 247 550 qua
265 468 333 531 vita
356 468 452 531 beata
469 468 577 551 posita
595 464 660 552 est)
681 467 801 531 habere
820 467 990 552 quisquam
1013 472 1137 552 potest,

126 555 177 619 cai
206 558 262 619 aut
289 555 373 619 adsit
401 558 457 619 aut
483 555 595 620 adesse
622 555 728 639 possit
752 555 924 621 multitudo
948 556 1137 622 malorum?

125 642 188 720 Qui
211 647 318 707 autem
345 643 466 725 poterit
489 664 558 707 esse
581 643 684 707 celsus
709 647 742 707 et
768 646 891 707 erectus
915 646 948 706 et
971 665 1020 726 ea,
1049 665 1137 727 quae

124 731 250 796 homini
268 730 410 796 accidere
428 734 577 814 possunt,
601 732 709 795 omnia
727 753 827 813 parva
847 731 980 814 ducens,
1003 732 1137 815 qualem

125 820 303 901 sapientem
326 839 395 882 esse
418 818 579 902 volumus,
606 819 670 882 uisi
693 820 803 883 omnia
825 818 887 882 sibi
909 819 944 882 in
966 840 1001 883 se
1023 819 1137 901 posita

125 904 289 970 censebit?
338 906 391 969 An
417 905 663 970 Lacedaemonii
690 905 843 988 Philippo
872 904 1049 977 minitante,
1074 927 1137 989 per

124 993 250 1057 litteras
269 1014 303 1057 se
323 993 440 1075 omnia,
458 1015 540 1078 quae
559 997 760 1067 conarentur,
777 992 1014 1075 prohibiturum
1033 1015 1136 1077 quae-

126 1081 282 1162 siverunt,
308 1102 387 1144 num
414 1102 448 1144 se
476 1085 560 1145 esset
588 1081 685 1146 etiam
713 1081 795 1144 mori
818 1079 1053 1164 prohibiturus3
1082 1083 1136 1146 vir

125 1168 167 1250 is,
199 1190 293 1253 quem
325 1169 521 1251 quaerimus,
552 1190 618 1233 non
646 1167 751 1233 multo
777 1168 905 1232 facilius
931 1168 992 1232 tali
1022 1168 1135 1234 animo

124 1256 301 1338 reperietur
333 1277 429 1340 quam
460 1256 574 1320 civitas
606 1255 778 1320 universa?
837 1253 940 1330 Quid?
974 1255 1014 1319 ad
1046 1256 1136 1323 hane

124 1343 358 1425 fortitudinem,
385 1344 424 1407 de
447 1366 510 1427 qua
530 1344 704 1428 loquimur,
732 1343 947 1426 temperantia
970 1342 1136 1428 adiuncta,

125 1453 205 1515 quae
220 1431 264 1495 sit
278 1431 474 1495 moderatrix
489 1432 631 1495 omnium
648 1431 908 1514 commotionum,
927 1430 1003 1514 quid
1021 1433 1136 1514 potest

125 1518 165 1582 ad
183 1519 277 1583 beate
294 1519 464 1583 vivendum
483 1520 593 1583 deesse
612 1520 655 1602 ei,
674 1540 767 1602 quem
787 1518 943 1584 fortitudo
963 1518 1005 1583 ab
1024 1521 1133 1604 aegri·

124 1607 234 1670 tudine
253 1609 285 1671 et
303 1629 323 1670 a
339 1609 428 1670 metu
448 1606 600 1688 vindicet,
622 1606 836 1689 temperantia
858 1627 930 1671 cum
954 1627 973 1670 a
995 1606 1134 1673 libidine

125 1696 244 1772 avocet,
257 1697 328 1757 tum
341 1695 493 1758 insolenti
507 1696 673 1759 alacritate
688 1694 808 1778 gestire
821 1715 886 1758 non
900 1692 1007 1758 sinat?
1039 1693 1134 1760 Haeo

126 1781 250 1846 efficere
272 1784 425 1846 virtutem
449 1783 661 1865 ostenderem,
686 1782 749 1847 nisi
773 1781 992 1864 superioribus
1015 1781 1132 1849 diebus

124 1874 230 1933 essent
253 1870 418 1951 explicata.

73 1935 114 1999 15
189 1956 296 2040 Atque
324 1979 394 2020 cum
422 1957 680 2039 perturbationes
710 1957 809 2021 animi
836 1957 1012 2039 miseriam,
1040 1956 1131 2022 seda·

70 2013 103 2059 43
122 2044 227 2107 tiones
251 2048 358 2106 autem
381 2044 482 2107 vitam
505 2043 647 2108 efficiant
669 2044 813 2128 beatam,
840 2044 1020 2127 duplexque
1043 2045 1129 2110 ratio

121 2129 372 2213 perturbationis
400 2131 454 2213 sit,
482 2131 567 2213 quod
596 2131 763 2216 aegritudo
788 2136 820 2196 et
843 2135 947 2195 metus
975 2131 1010 2194 in
1031 2132 1130 2197 malis

123 2217 279 2300 opinatis,
307 2217 342 2281 in
372 2218 530 2281 bonorum
560 2223 666 2283 autem
696 2241 804 2284 errore
831 2219 956 2284 laetitia
986 2219 1130 2302 gestiens

121 2304 286 2388 libidoque
328 2311 480 2390 versetur,
526 2329 606 2389 quae
652 2307 759 2371 omnia
801 2327 873 2370 cum
915 2305 1049 2372 consilio
1095 2310 1132 2372 et

121 2393 247 2456 ratione
273 2396 431 2494 pugnant,
453 2392 505 2457 his
527 2396 654 2495 tutam
678 2394 832 2496 grauibus
855 2393 1128 2494 concitationibus

121 2481 1130 2654 ttltttttt:ittittttlttttttlttt

119 2656 205 2721 tabis
233 2657 363 2721 beatum
391 2656 517 2720 dicere?
566 2657 666 2740 Atqui
695 2657 822 2738 sapiens
851 2676 976 2739 semper
1003 2655 1051 2719 ita
1074 2656 1131 2720 ad·

120 2742 223 2808 fectus
252 2746 314 2827 est;
344 2765 471 2826 semper
498 2745 596 2829 igitur
623 2744 749 2827 sapiens
778 2744 891 2808 beatus
915 2747 972 2806 est.
1017 2742 1129 2827 Atque

120 2831 220 2895 etiam
248 2853 341 2896 omne
367 2831 487 2895 bonum
514 2831 664 2895 laetabile
693 2834 754 2913 est;
782 2830 867 2915 quod
890 2833 997 2894 autem
1023 2829 1130 2894 laeta·

119 2916 200 3001 bile,
223 2919 256 2982 id
278 2919 526 3001 praedicandum
545 2921 577 2983 et
598 2939 727 3003 praese
749 2918 928 3001 ferendum;
952 2916 1037 3000 quod
1060 2919 1130 2982 tale

120 3009 240 3089 autem,
267 3006 300 3070 id
328 3007 427 3070 etiam
454 3007 644 3091 gloriosum3
672 3007 797 3070 sivero
821 3005 1013 3089 gloriosum,
1038 3008 1130 3070 certe

119 3090 294 3175 laudabile3
323 3095 409 3178 quod
436 3094 598 3158 laudabile
627 3097 747 3177 autem,
773 3092 918 3176 profecto
943 3092 1041 3156 etiam
1069 3091 1130 3158 ho·

62 3191 99 3239 44
118 3184 259 3263 nestum3
289 3182 374 3265 quod
401 3182 522 3247 bonum
548 3183 658 3267 igitur,
686 3181 719 3244 id
746 3180 927 3245 honestum.
972 3179 1018 3244 At
1043 3201 1130 3264 quae

117 3263 174 3329 isti
202 3269 285 3332 bona
312 3272 494 3353 numerant,
521 3292 561 3334 nc
588 3269 652 3353 ipsi
679 3267 808 3353 quidem
834 3268 972 3333 honesta
1000 3267 1129 3353 dicunt,

154 3353 223 3420 lum
245 3355 345 3439 igitur
367 3356 503 3439 bonum,
526 3357 609 3441 quod
631 3356 815 3439 honestum3
840 3377 877 3421 ex
900 3376 964 3438 quo
985 3353 1131 3422 efficitur

71 3370 285 3585 *estate
308 3465 372 3508 una
394 3444 494 3508 vitam
517 3445 671 3510 contineri
694 3444 831 3508 beatam.
867 3441 943 3509 Non
967 3445 1043 3507 suut
1066 3444 1130 3529 igi-
