2476 3848
474 184 716 250 —219-

91 343 130 406 ut
151 338 225 405 aliia
247 339 349 423 detur,
371 339 445 405 aliia
468 339 643 424 auferatur,
665 340 803 405 aberunt
823 340 857 424 ii,
879 340 935 424 qui
952 362 1022 406 rom
1039 364 1096 427 pu·

91 428 212 496 blicam
224 427 410 512 tuebuntur,
427 427 462 491 in
479 428 657 512 primisque
671 449 803 514 operam
817 428 949 513 dabunt,
966 432 1003 494 ut
1016 429 1095 494 iuris

92 520 125 580 et
147 515 336 581 iudiciorum
359 515 523 601 aequitate
546 537 641 580 suum
658 516 794 600 quisque
813 519 924 580 teneat
942 520 975 582 et
991 538 1096 600 neque

92 604 254 669 tenuiores
275 607 409 689 propter
429 602 650 669 humilitatem
676 604 968 669 circumveniantur
992 626 1096 688 neque

92 691 308 776 locupletibus
331 691 373 756 ad
394 713 454 756 sua
474 693 528 756 rel
546 692 685 757 tenenda
701 692 755 757 rel
773 692 991 777 recuperanda
1009 692 1096 757 obsit

92 779 225 863 invidia,
251 782 432 864 praeterea,
459 780 713 864 quibuscumque
738 781 836 845 rebus
863 781 915 846 vel
941 780 1022 846 belli
1042 781 1095 845 vel

92 867 180 932 domi
201 870 363 952 poterunt,
385 889 455 932 rem
477 868 642 953 publicam
664 872 806 954 augeant
827 868 973 954 imperio,
998 869 1095 954 agris,

91 955 315 1039 vectigalibus.
358 953 449 1020 Haec
476 977 669 1040 magnorum
695 956 864 1021 hominum
894 960 984 1034 sunt,
1014 955 1095 1022 haeo

94 1044 178 1128 apud
195 1043 334 1108 maiores
351 1047 483 1108 nostros
500 1042 660 1128 factitata,
679 1044 760 1110 haec
779 1065 897 1129 genera
915 1044 1095 1110 officiorum

95 1131 150 1215 qui
176 1135 424 1231 persequentur,
452 1153 524 1196 oum
552 1153 680 1196 summa
705 1132 850 1197 utilitate
877 1132 1096 1217 reipublicae

93 1219 1017 1392 mahfflapltstlpitilllii*pisililidliilptlll
1034 1307 1095 1392 a.
1113 1325 1147 1376 a

93 1394 159 1459 rius
177 1392 313 1478 Stoicus,
332 1394 388 1478 qui
401 1393 539 1459 Athenis
557 1415 660 1477 nuper
678 1397 728 1458 est
745 1398 902 1478 mortuus,
925 1394 986 1460 duo
1004 1416 1096 1479 prae

92 1482 191 1546 terita
212 1485 321 1547 censet
343 1503 414 1547 esse
436 1504 456 1547 a
477 1481 646 1564 Panaetio,
673 1481 868 1546 valetudinis
895 1482 1095 1547 curationem

93 1575 127 1634 et
147 1570 313 1653 pecuniae3
336 1591 417 1653 quas
434 1591 487 1634 res
506 1590 669 1635 asumma
687 1568 883 1653 philosopho
901 1568 1095 1653 praeteritas

93 1658 246 1741 arbitror,
274 1658 360 1742 quod
386 1661 494 1722 essent
520 1656 647 1740 faciles3
675 1660 751 1722 sunt
773 1660 860 1721 certe
881 1656 988 1722 utiles.
1033 1653 1096 1722 Sed

92 1745 243 1811 valetudo
270 1749 472 1810 sustentatur
498 1745 617 1810 notitia
643 1745 693 1809 sui
720 1743 864 1828 corporis
890 1748 923 1808 et
946 1744 1095 1810 observa·

91 1832 193 1916 tione,
222 1854 378 1918 quaeres
406 1837 462 1898 aut
488 1833 642 1917 prodesse
670 1833 797 1898 soleant
824 1836 880 1896 aut
908 1833 1034 1916 obesse,
1062 1835 1095 1897 st

92 1921 291 1986 continentia
312 1921 347 1984 in
368 1921 457 1986 victu
480 1921 569 1985 omni
591 1924 688 2005 atque
711 1921 800 1986 cultu
821 1920 966 2005 corporis
984 1919 1096 1986 tuendi

91 2030 188 2073 eausa
220 2009 529 2094 [praetermittendis
560 2009 798 2094 voluptatibus]
805 2060 814 2093 ,
836 2012 1001 2094 postremo
1025 2011 1095 2073 arte

92 2117 217 2175 eorum,
254 2118 390 2181 quorum
422 2097 464 2161 ad
495 2096 663 2162 scientiam
694 2097 773 2163 haec
804 2097 976 2182 pertinent.
1029 2096 1094 2163 Res
1113 2114 1146 2166 87

92 2188 201 2248 autem
218 2183 389 2249 familiaris
409 2185 520 2269 quaeri
538 2184 633 2249 debet
650 2185 690 2248 iis
709 2186 814 2269 rebus,
833 2207 852 2250 a
871 2186 987 2270 quibus
1002 2185 1095 2250 abest

90 2271 272 2356 turpitud0‚
302 2272 485 2337 conservari
508 2275 616 2337 autem
639 2272 809 2357 diligentia
833 2276 865 2337 et
887 2273 1095 2358 parsimonia,

91 2359 212 2424 eisdem
239 2360 338 2424 etiam
364 2360 460 2424 rebus
489 2359 609 2445 augeri.
652 2358 722 2424 Has
753 2381 805 2426 res
837 2360 1094 2426 commodissima

91 2445 273 2532 Xenophon
295 2446 477 2513 Socraticus
500 2450 687 2530 persecutus
711 2451 761 2513 est
787 2447 823 2510 in
849 2468 886 2512 eo
913 2447 1012 2526 libro,
1040 2447 1095 2530 qui

92 2533 323 2600 Oeconomicus
350 2534 551 2612 inscribitur,
579 2556 674 2618 quem
700 2556 774 2618 nos,
801 2534 866 2598 ista
891 2532 959 2599 fere
987 2537 1095 2599 aetate

91 2643 164 2686 cum
179 2644 334 2707 essemus,
349 2644 413 2707 qua
435 2644 469 2686 es
483 2625 520 2686 tu
533 2642 626 2700 nuno,
640 2643 657 2686 e
672 2619 794 2686 Graeco
808 2621 844 2685 in
855 2620 1009 2686 Latinum
1023 2641 1094 2686 con·

90 2709 255 2775 vertimus.
283 2708 346 2775 Sed
363 2713 434 2775 toto
452 2710 514 2775 hoo
528 2709 566 2774 de
583 2731 706 2795 genere,
721 2708 759 2772 de
775 2708 964 2792 quaerenda,
979 2708 1018 2772 de
1032 2708 1095 2772 col·

91 2796 227 2863 locanda
240 2797 383 2882 pecunia,
397 2796 526 2881 (vellem
542 2797 641 2862 etiam
655 2797 694 2861 de
711 2795 844 2880 utenda)
858 2794 1056 2860 commodius
1076 2818 1096 2860 a

91 2885 284 2968 quibusdam
311 2886 453 2970 optumis
480 2885 559 2949 viris
587 2885 626 2950 ad
649 2884 764 2949 Ianum
791 2882 932 2948 medium
959 2883 1095 2949 sedenti·

90 2972 152 3037 bus
176 2995 274 3057 quam
297 2975 338 3038 ab
361 2974 438 3038 ullis
460 2972 665 3057 philosophis
684 2972 752 3036 ulla
769 2971 805 3034 in
823 2971 934 3036 schola
953 2971 1094 3057 disputa·

89 3063 152 3124 tur.
197 3059 280 3125 Sunt
301 3065 413 3125 tamen
435 3083 473 3125 ea
495 3060 730 3145 cognoscenda,
758 3059 922 3144 pertinent
945 3059 1031 3126 enim
1053 3061 1094 3126 ad

89 3148 281 3232 utilitatem,
305 3149 343 3212 de
367 3171 430 3232 qua
452 3147 513 3212 hoc
535 3149 620 3213 libro
644 3147 845 3232 disputatum
868 3151 927 3213 est.

156 3234 219 3301 Sed
241 3237 422 3301 utilitatum
442 3236 651 3321 comparatio,
674 3235 827 3319 quoniam
843 3234 897 3301 hio
915 3237 1005 3303 locus
1024 3207 1148 3303 erat25

90 3328 238 3407 quartus,
267 3346 286 3388 a
312 3323 468 3389 Panaetio
495 3323 756 3408 praetermissus,
787 3345 884 3410 saepe
912 3328 962 3390 est
988 3346 1095 3392 neces·

90 3411 185 3476 saria.
229 3411 315 3477 Nam
344 3416 376 3477 et
402 3411 547 3496 corporis
575 3411 744 3478 commoda
773 3433 846 3479 cum
878 3413 1019 3478 externis
1048 3415 1096 3496 [et

90 3500 221 3564 externa
252 3522 325 3565 oum
357 3499 514 3586 corporis]
548 3502 580 3565 et
611 3500 683 3586 ipsa
713 3500 799 3566 inter
828 3522 863 3566 se
890 3501 1034 3587 corporis
1061 3502 1097 3569 et
