2476 3848
475 185 717 249 -433-

90 347 284 429 intervenire
306 345 467 429 sapienti?
490 347 545 411 sed
567 346 629 411 hoe
651 347 720 412 isne
744 347 834 430 dicit,
858 348 927 432 qui,
948 369 1019 412 cum
1043 348 1095 413 do·

91 434 192 499 lorem
209 455 276 498 non
294 434 389 500 modo
408 454 595 498 maxumum
613 435 748 519 malum,
772 436 828 500 sed
847 436 953 500 solum
975 436 1097 500 malum

90 522 190 585 etiam
218 521 348 606 dixerit,
372 525 444 586 toto
472 543 604 604 corpore
633 523 774 606 opprimi
800 524 907 607 possit
933 524 1097 588 doloribus

89 609 265 672 acerrumis
279 613 358 691 tum,
375 631 445 674 cum
460 610 598 673 maxime
613 614 726 674 contra
739 610 904 675 fortunam
918 609 1097 695 glorietur?

91 695 184 771 Quod
197 697 282 760 idem
296 696 485 761 melioribus
499 696 597 760 etiam
613 698 718 762 verbis
727 697 946 764 Metrodorus:
965 697 1097 764 ‘Occu-
1117 708 1152 758 a?

91 783 180 866 pavi
202 783 269 867 te’,
291 784 410 869 inquit,
433 783 630 869 ‘Fortuna
654 789 767 868 atque
791 786 875 869 cepi
899 787 1098 871 omnisque

86 871 223 936 aditus
246 875 332 936 tuos
357 872 576 955 interclusi,
598 875 639 936 ut
657 872 702 936 ad
720 894 776 937 me
800 874 999 956 adspirare
1022 895 1098 938 non

91 957 245 1040 posses'
294 958 472 1042 Praeclare,
505 959 532 1023 si
560 959 672 1024 Aristo
700 957 800 1025 Chius
828 965 885 1025 aut
912 962 940 1025 si
972 959 1097 1025 Stoicus

92 1045 200 1110 Zenon
218 1046 351 1129 diceret,
371 1047 434 1129 qui,
454 1047 518 1110 nisi
538 1047 623 1130 quod
640 1051 735 1130 turpe
754 1052 854 1130 esset,
875 1048 959 1112 nihil
977 1049 1097 1113 malum

91 1134 232 1217 duceret3
267 1138 304 1197 tu
338 1155 427 1217 vero,
461 1133 657 1217 Metrodoro,
691 1135 747 1218 qui
782 1157 875 1200 omne
909 1137 1029 1201 bonum
1065 1138 1098 1201 in

91 1222 269 1286 visceribus
288 1220 501 1304 medullisque
521 1220 698 1285 condideris
713 1226 746 1285 et
761 1222 920 1287 definieris
937 1246 1098 1288 summum

91 1309 212 1373 bonum
235 1309 330 1372 firma
348 1308 492 1392 corporis
511 1307 691 1372 adfectione
711 1309 937 1394 explorataque
956 1313 1021 1375 eius
1041 1333 1098 1395 spe

91 1396 260 1478 contineri,
286 1395 448 1460 Fortunae
473 1395 579 1459 aditus
607 1395 840 1460 interclusisti?
886 1396 1097 1473 Quomodo?

91 1483 154 1548 isto
179 1484 263 1547 enim
286 1485 371 1548 bono
393 1485 459 1548 iam
483 1482 638 1565 expoliari
663 1487 765 1565 potes.
1110 1537 1151 1598 ,0

157 1570 258 1652 Atqui
294 1570 345 1635 his
377 1571 548 1654 capiuntur
579 1570 735 1654 imperiti,
772 1573 804 1635 et
836 1575 968 1653 propter
999 1571 1095 1636 huius
1111 1610 1145 1658 23

92 1657 179 1723 modi
199 1659 374 1722 sententias
393 1659 528 1722 istorum
547 1657 715 1722 hominum
734 1661 784 1721 est
801 1658 985 1741 multitud03
1005 1663 1096 1724 acute

92 1749 200 1809 autern
228 1745 422 1829 disputantis
450 1745 530 1809 illud
558 1749 619 1823 est,
646 1766 712 1809 non
740 1746 816 1829 quid
846 1746 979 1829 quisque
1002 1746 1098 1830 dicat,

92 1834 146 1897 sed
175 1832 251 1917 quid
283 1834 397 1918 cuique
431 1832 600 1897 dicendum
630 1833 685 1909 sit,
719 1833 833 1897 videre.
877 1831 977 1896 Velut
1002 1834 1037 1897 in
1060 1856 1098 1898 ea

91 1921 162 2004 ipsa
185 1922 359 2001 sententia,
387 1943 483 2004 quam
505 1921 539 1984 in
567 1919 627 1984 hac
650 1920 868 2002 disputatione
892 1922 1097 2005 suscepimus,

92 2009 198 2072 omnis
217 2008 319 2073 bonos
339 2029 464 2091 semper
482 2009 594 2072 beatos
610 2009 757 2071 volumus
775 2030 853 2073 esse.
886 2007 973 2084 Quos
992 2009 1096 2073 dicam

92 2097 208 2177 bonos,
235 2097 440 2179 perspicuum
468 2099 533 2179 cst3
561 2095 711 2160 omnibus
739 2096 824 2159 enim
846 2096 1020 2161 virtutibus
1050 2098 1096 2161 in·

93 2187 232 2246 structos
262 2186 294 2247 et
321 2186 452 2247 ornatos
479 2186 548 2247 turn
577 2182 746 2265 sapientis,
779 2186 848 2246 tum
877 2184 963 2248 viros
994 2185 1097 2249 bonos

92 2269 235 2333 dicimus.
280 2268 470 2351 Videamus,
492 2270 546 2353 qui
570 2270 694 2334 dicendi
718 2271 784 2334 sint
805 2271 902 2334 beati.
938 2271 1097 2355 Equidem

92 2378 147 2421 eos
171 2356 333 2439 existimo,
360 2357 415 2440 qui
438 2357 503 2420 sint
527 2358 562 2421 in
589 2358 683 2422 bonis
706 2358 795 2420 nullo
820 2358 971 2422 adiuncto
994 2360 1095 2443 malo,

92 2466 195 2530 neque
213 2444 280 2507 ulla
299 2444 364 2508 alia
387 2443 461 2508 huic
478 2444 589 2527 verbo,
613 2466 685 2509 cum
703 2444 835 2507 beatum
854 2444 997 2522 dicimus,
1021 2447 1094 2509 sub-
1113 2459 1149 2506 29

91 2533 175 2596 iecta
201 2531 291 2596 notio
319 2536 370 2597 est
395 2531 459 2596 nisi
482 2533 611 2596 secretis
639 2531 733 2595 malis
757 2531 907 2595 omnibus
935 2533 1097 2597 cumulata

91 2621 250 2684 bonorum
282 2619 468 2702 complexio.
521 2617 614 2683 Hane
647 2618 774 2701 assequi
804 2618 908 2681 virtus
914 2667 923 2701 ,
951 2619 979 2683 si
1010 2621 1096 2703 quie·

91 2730 187 2791 quam
219 2711 347 2790 practer
378 2707 482 2790 ipsam
514 2707 591 2770 boni
623 2709 686 2790 est,
716 2727 782 2770 non
813 2708 930 2789 potest.
982 2704 1097 2770 Aderit

93 2795 177 2858 eninr
201 2796 373 2878 malorum,
396 2796 425 2860 si
443 2794 530 2859 mala
551 2794 608 2858 illa
631 2794 787 2875 ducimus,
810 2792 907 2856 turba
931 2793 1096 2877 quaedam,

93 2883 279 2964 paupertas,
315 2883 519 2965 ignobilitas,
554 2880 734 2964 humilitas,
770 2879 926 2962 solitudo,
964 2881 1096 2946 amissio

92 2988 235 3048 suorum,
257 2987 371 3050 graves
391 2970 516 3034 dolores
535 2969 692 3053 corporis,
715 2966 843 3051 perdita
861 2967 1020 3050 valetudo,
1044 2968 1095 3032 de·

91 3053 215 3135 bilitas,
247 3055 398 3138 caecitas,
430 3057 580 3121 interitus
612 3057 751 3140 patriae,
784 3054 927 3138 exilium,
959 3056 1095 3120 servitus

91 3141 237 3224 denique.
291 3140 329 3205 ln
360 3141 410 3206 his
441 3146 492 3208 tot
522 3147 555 3208 et
585 3145 686 3208 tantis
724 3140 833 3229 (atque
869 3142 966 3207 etiam
1001 3144 1096 3227 plura

91 3231 228 3313 possunt
247 3227 402 3316 accidere)
420 3233 618 3314 potestesse
637 3232 778 3315 sapiens;
801 3253 875 3296 nam
900 3230 979 3296 haec
1002 3252 1103 3297 casus.

91 3318 258 3400 importat,
286 3316 341 3401 qui
367 3316 402 3382 in
429 3318 606 3402 sapientem
634 3324 743 3403 potest
769 3320 939 3384 incurrere.
983 3290 1162 3629 :T

91 3426 129 3469 ea
148 3405 235 3468 mala
254 3407 341 3487 sunt,
365 3405 435 3490 quis
458 3408 569 3490 potest
586 3411 750 3491 praestare
772 3429 899 3492 semper
917 3405 1005 3490 sapia

90 3492 220 3557 beatum
247 3492 329 3576 lore,
356 3513 428 3558 cum
454 3493 505 3560 vel
531 3494 566 3560 in
592 3495 742 3560 omnibus
774 3494 825 3559 his
855 3515 919 3559 uno
950 3498 982 3558 te

122 3596 301 3652 nottestan,
316 3598 362 3646 Cla
375 3599 490 3654 curatore.
504 3600 618 3656 &tuten-
880 3601 920 3649 ‘lt
