2476 3848
544 172 781 238 -430-

163 334 251 417 bato,
273 333 354 397 illud
374 332 467 396 modo
486 333 658 415 explicant,
678 332 715 395 de
735 353 797 414 quo
817 334 891 396 ante
909 331 990 396 nihil
1010 331 1174 414 scriptum

164 426 225 504 est3
248 419 433 504 philosophi
455 441 686 503 quamcumque
708 441 777 483 rem
803 419 926 483 habent
952 420 986 482 in
1008 419 1174 504 manibus,

163 510 198 572 in
225 530 296 572 eam
323 529 405 592 quae
433 508 637 590 conveniunt,
664 510 840 591 congerunt
868 507 989 589 omnia,
1017 507 1081 570 etsi
1104 508 1172 572 alio

163 597 234 661 loco
260 596 423 679 disputata
446 599 529 660 sunt.
574 594 667 671 Quod
693 595 728 658 ni
754 595 801 659 ita
824 598 922 678 esset,
950 616 1005 658 cur
1028 591 1174 680 Stoicus,

164 684 191 749 si
215 688 300 749 esset
323 685 514 768 quaesitum,
543 685 662 747 satisne
686 682 725 746 ad
752 682 846 746 beate
868 682 1040 747 vivendum
1061 683 1172 748 virtus

163 777 296 855 posset,
316 773 420 836 multa
449 770 588 836 diceret?
618 771 669 834 cui
697 771 775 834 satis
804 774 889 835 esset
914 769 1110 852 respondere
1136 793 1172 836 se

165 864 239 924 ante
266 860 411 925 docuisse
437 858 519 923 nihil
541 859 662 923 honum
690 879 773 941 esse,
800 858 864 922 nisi
887 857 973 941 quod
994 858 1173 925 honestum

165 952 263 1030 esset,
286 947 347 1012 hoc
370 947 505 1030 probato
528 967 723 1029 consequens
747 966 816 1010 esse
839 945 967 1009 beatam
985 945 1088 1010 uitem
1105 948 1172 1012 vir-

164 1039 234 1099 tute
257 1056 326 1098 esse
349 1037 543 1117 contentam,
567 1038 600 1098 et
622 1055 685 1117 quo
708 1033 803 1098 modo
826 1033 888 1098 hoc
907 1034 950 1097 sit
969 1055 1171 1117 consequens

164 1122 226 1205 illi,
249 1122 295 1186 sic
317 1121 398 1185 illud
420 1122 507 1205 huic,
534 1126 584 1205 ut,
612 1121 639 1185 si
662 1121 757 1186 beata
779 1121 847 1185 vita
870 1121 987 1185 virtute
1015 1126 1172 1188 contenta

165 1210 221 1292 sit,
250 1209 315 1274 nisi
342 1210 512 1275 honestum
542 1209 625 1295 quod
655 1209 710 1291 sit,
738 1208 820 1273 nihil
850 1209 938 1273 aliud
968 1209 1011 1273 sit
1036 1209 1171 1277 bonum.

115 1310 145 1359 is
165 1296 227 1363 Sed
254 1302 362 1362 tamen
384 1319 449 1363 non
472 1302 572 1382 agunt
594 1297 653 1379 sic;
681 1318 757 1359 nam
780 1300 813 1361 et
840 1297 878 1360 de
906 1297 1042 1362 honesto
1066 1301 1101 1361 et
1130 1298 1171 1363 de

165 1385 398 1451 summobono
422 1386 594 1470 separatim
615 1384 692 1448 libri
716 1388 803 1467 sunt,
827 1389 953 1450 etcum
977 1406 1076 1451 exeo
1101 1386 1171 1451 effi·

165 1474 268 1539 ciatur
299 1473 376 1538 satis
409 1494 560 1557 magnam
591 1473 626 1536 in
657 1473 775 1536 virtute
804 1473 844 1536 ad
873 1473 966 1537 beate
995 1473 1192 1539 vivendum·

165 1583 233 1626 esse
257 1561 335 1638 vim,
358 1561 460 1626 nihilo
480 1561 584 1625 minus
606 1560 668 1624 hoc
686 1563 789 1644 agunt
806 1562 987 1644 separatim.
1023 1559 1170 1644 Propriis

165 1650 250 1712 enim
278 1652 311 1713 et
333 1649 400 1713 suis
424 1648 621 1733 argumentis
644 1650 677 1710 et
700 1647 970 1714 admonitionibus
998 1649 1171 1714 tractanda

165 1758 308 1820 quaeque
330 1758 381 1799 res
404 1741 466 1814 est,
493 1740 585 1801 tanta
614 1736 812 1818 praesertim.
858 1733 943 1800 Cave
967 1737 1051 1800 enim
1074 1740 1170 1820 putes

164 1825 265 1888 ullam
279 1824 314 1887 in
327 1823 532 1906 philosophia
544 1844 655 1888 vocem
669 1824 819 1887 emissam
834 1824 1010 1906 clariorem,
1024 1824 1170 1889 ullumve

165 1932 234 1975 esse
253 1910 476 1994 philosophiae
495 1911 689 1992 promissum
708 1911 836 1975 uberius
856 1914 912 1974 aut
930 1912 1040 1975 maius.
1082 1911 1171 1978 Nam

165 1998 241 2083 quid
263 1998 452 2080 profitetur?
480 2018 499 2061 o
523 1997 555 2060 di
578 1997 667 2061 bonil
694 1997 909 2080 perfecturam
932 2020 979 2080 se,
1010 1999 1066 2082 qui
1088 2000 1170 2084 legi-

164 2086 225 2148 bus
249 2085 314 2148 suis
337 2084 508 2166 paruisset,
535 2088 572 2147 ut
599 2087 685 2148 esset
711 2089 822 2149 contra
848 2086 1010 2150 fortunam
1041 2107 1172 2170 semper

166 2174 321 2253 armatus,
340 2174 376 2235 ut
394 2173 502 2236 omnia
520 2172 683 2255 praesidia
703 2173 838 2237 haberet
855 2173 890 2237 in
908 2195 942 2237 se
961 2173 1042 2239 bene
1060 2174 1171 2239 beate·

113 2281 147 2330 20
166 2280 226 2342 que
258 2258 397 2340 vivendi,
429 2263 466 2324 ut
496 2263 581 2324 esset
610 2281 736 2342 semper
764 2261 898 2343 denique
927 2262 1051 2326 beatus.
1107 2261 1171 2328 sed

165 2347 291 2432 videro,
332 2347 408 2432 quid
444 2347 579 2430 efficiat3
620 2348 779 2430 tantisper
813 2349 874 2413 hoc
914 2350 1021 2430 ipsum
1057 2353 1170 2433 magni

166 2439 324 2518 aestuno,
347 2436 432 2519 quod
453 2436 631 2518 pollicetur.
667 2433 751 2499 Nam
774 2435 895 2499 Xerxes
918 2437 1046 2519 quidem
1068 2438 1169 2501 refer·

164 2526 217 2587 tus
236 2523 384 2586 omnibus
402 2524 552 2604 praemiis
571 2523 726 2606 donisque
744 2523 905 2604 fortunae,
925 2545 992 2588 non
1010 2525 1170 2610 equitatu,

164 2632 231 2674 non
253 2609 453 2692 pedestribus
477 2611 592 2693 copiis,
616 2630 681 2673 non
703 2610 833 2674 navium
856 2611 1075 2696 multitudine,
1102 2635 1171 2679 non

165 2697 289 2761 infinito
316 2697 456 2780 pondere
479 2697 549 2760 auri
572 2701 754 2780 contentus,
782 2698 960 2781 praemium
990 2701 1170 2784 proposuit,

166 2786 220 2869 qui
246 2784 421 2849 invenisset
447 2806 563 2849 novam
590 2785 803 2869 voluptatem,
832 2807 895 2869 qua
923 2787 995 2870 ipsa
1016 2809 1083 2852 non
1105 2788 1171 2853 fuit

166 2876 347 2958 contentus3
369 2894 471 2956 neque
494 2873 580 2937 enim
597 2893 750 2955 umquam
774 2873 868 2937 finem
891 2875 1034 2938 inveniet
1056 2875 1170 2942 libido.

165 2960 234 3025 Nos
256 2962 371 3024 vellem
395 2961 537 3044 praemio
565 2960 677 3025 elicere
704 2982 885 3044 possemus,
915 2962 969 3046 qui
991 2962 1086 3028 nohis
1110 2963 1170 3027 ali-

120 3095 140 3158 8
166 3046 241 3129 quid
265 3049 442 3132 attulisset,
464 3071 527 3132 quo
550 3048 612 3112 hoc
635 3048 758 3112 firmius
782 3049 991 3114 crederemus.

113 3173 144 3218 ‘21
231 3134 271 3201 A.
298 3134 423 3200 Vellem
452 3136 486 3200 id
515 3136 657 3220 quidem,
689 3137 744 3200 sed
773 3136 877 3201 habeo
907 3137 1052 3220 paulum,
1082 3140 1171 3222 quod

165 3221 334 3303 requiram.
377 3223 450 3308 Ego
474 3225 559 3288 enim
583 3224 746 3288 adsentior
768 3246 891 3307 eorum,
916 3245 998 3308 quae
1020 3227 1172 3312 posuisti,

165 3309 301 3372 alterum
329 3311 423 3374 alteri
450 3320 646 3396 consequens
670 3332 752 3394 esse,
775 3316 823 3396 ut,
849 3334 942 3396 quem
965 3312 1172 3399 admodum,

165 3397 205 3479 si,
229 3397 313 3480 quod
335 3397 506 3463 honestum
529 3399 585 3480 sit,
607 3399 641 3463 id
664 3400 768 3463 solum
792 3400 836 3465 sit
858 3401 991 3483 bonum,
1015 3404 1172 3484 sequatur

92 3434 122 3633 J
165 3487 264 3549 vitam
287 3486 416 3549 beatam
434 3487 551 3552 uirtute
570 3486 696 3568 confici,
720 3487 778 3564 sic,
801 3488 829 3552 si
846 3488 915 3553 vita
933 3488 1029 3552 beata
1051 3489 1086 3553 in
1104 3487 1170 3555 vir·
