2476 3848
472 160 711 224 -177—

90 325 207 408 lamus,
222 324 268 388 sio
282 323 434 388 definitur
448 347 467 388 a
481 321 614 407 Stoicis,
630 326 668 388 ut
686 323 878 389 modestia
897 324 941 388 sit
959 325 1096 391 scientia

90 434 340 497 rerum-earum,
358 433 440 495 quae
459 416 597 496 agentur
615 415 672 475 aut
691 411 845 494 dicentur,
863 412 935 476 looo
954 434 1013 477 suo
1032 414 1095 479 col·

89 500 307 565 locandorum.
351 498 406 564 Ita
431 500 559 564 videtur
586 499 697 564 eadem
719 498 770 563 vis
798 498 921 563 ordinis
943 503 976 563 ct
998 501 1095 566 collo·

90 587 227 652 cationis
250 586 334 671 fore;
356 609 433 652 nam
456 590 489 652 61
512 587 683 653 ordinem
706 586 752 651 sic
775 586 944 651 definiunt:
968 609 1096 672 compo·

92 675 243 739 sitionem
273 696 380 739 rerum
410 675 496 759 aptis
525 679 557 739 et
584 674 835 740 accommodatis
866 675 960 758 locis,
987 675 1095 740 locum

93 767 203 826 autem
232 762 369 827 actionis
399 762 654 846 oportunitatem
684 762 840 846 temporis
870 784 941 827 asse
971 763 1094 847 dicunt3

91 855 220 934 tempus
250 853 359 914 autem
389 850 525 915 actionis
556 853 752 935 oportunum
782 848 904 915 Graece
933 844 1096 934 εὐκαιρία,

91 937 207 1002 Latina
230 938 415 1023 appellatur
436 938 573 1004 occasio.
617 935 670 1002 Sic
691 938 743 1021 fit,
766 942 803 1001 ut
826 937 985 1003 modestia
1006 937 1096 1022 haec,

91 1048 189 1110 quam
214 1026 262 1091 ita
289 1027 550 1111 interpretamur,
578 1028 616 1090 ut
638 1025 717 1108 dixi,
740 1024 877 1090 scientia
898 1025 942 1089 sit
966 1029 1096 1110 oportu-

90 1114 205 1178 nitatis
222 1114 411 1179 idoneorum
430 1114 472 1179 ad
489 1113 650 1199 agendum
668 1117 860 1198 temporum.
897 1110 959 1177 Sed
972 1117 1083 1197 potest
1098 1130 1149 1178 143

92 1201 205 1266 eadem
224 1223 294 1265 esse
311 1201 502 1286 prudentiae
521 1201 678 1284 definitio,
701 1201 739 1265 de
759 1223 823 1284 qua
840 1201 998 1285 principio
1018 1202 1096 1265 dixi·

92 1311 177 1371 mus3
204 1289 267 1353 hoc
290 1293 399 1353 autem
420 1289 492 1354 loeo
520 1289 559 1355 de
582 1288 801 1354 moderatione
824 1292 857 1353 et
879 1289 1096 1372 temperantia

92 1380 126 1440 61
140 1376 257 1439 harum
275 1376 437 1442 similibus
455 1376 632 1442 virtutibus
651 1376 843 1459 quaerimus.
874 1374 997 1460 ltaque,
1013 1399 1095 1460 quae

92 1467 185 1528 erant
211 1463 401 1548 prudentiae
427 1464 573 1548 propria,
601 1485 659 1528 suo
687 1463 759 1529 loco
787 1463 873 1528 dicta
900 1468 989 1547 sunt3
1013 1487 1095 1548 quae

93 1554 202 1615 autem
225 1551 341 1616 harum
363 1552 535 1636 virtutum,
558 1552 596 1616 de
620 1551 735 1634 quibus
757 1550 824 1615 iam
847 1551 901 1616 diu
924 1551 1095 1636 loquimur,

92 1661 174 1722 quae
201 1639 365 1723 pertinent
393 1640 434 1704 ad
460 1639 685 1705 verecundiam
713 1642 746 1702 et
773 1638 814 1703 ad
841 1661 952 1704 eorum
980 1662 1095 1725 appro

91 1726 271 1810 bationem,
294 1727 485 1810 quibuscum
506 1727 659 1811 vivimus,
681 1748 766 1791 nunc
789 1726 921 1792 dicenda
944 1732 1029 1792 sunt.

158 1814 247 1879 Talis
262 1818 313 1879 est
325 1815 428 1900 igitur
437 1814 516 1879 ordo
531 1814 694 1880 actionum
704 1813 912 1898 adhibendus,
925 1819 971 1899 ut,
985 1837 1080 1898 quem
1096 1832 1148 1880 144

91 1902 133 1967 ad
159 1902 291 1966 modum
318 1903 353 1966 in
375 1902 522 1968 oratione
549 1902 726 1985 constanti,
757 1902 864 1968 sicin
890 1903 959 1967 uita
986 1903 1094 1967 omnia

93 1990 159 2054 sint
182 1993 260 2074 apta
282 1990 368 2054 inter
391 2011 424 2054 re
448 1993 481 2054 et
503 1990 740 2073 convenientia3
762 1993 857 2074 turpe
880 1990 966 2055 enim
988 1990 1093 2056 valde
1128 2066 1130 2070 ⁸

93 2100 155 2161 que
177 2077 331 2142 vitiosum
355 2078 390 2141 in
411 2099 447 2142 re
470 2098 582 2143 severa
608 2077 756 2142 convivio
780 2077 878 2162 digna
901 2082 957 2142 aut
980 2078 1094 2144 delica-

91 2170 162 2229 tum
186 2165 327 2249 aliquem
352 2165 471 2230 inferre
500 2185 688 2234 sermonem.
734 2163 821 2229 Bene
843 2164 997 2249 Pericles,
1021 2189 1094 2231 cum

91 2253 227 2318 haberet
245 2252 405 2338 collegam
422 2252 458 2317 in
474 2256 628 2336 praetura
642 2250 834 2336 Sophoclem
852 2257 984 2337 politam
1006 2253 1093 2337 iique

92 2341 131 2404 de
163 2341 325 2405 communi
357 2339 464 2405 officio
494 2340 719 2404 convenissent
754 2343 787 2404 et
823 2362 900 2405 casu
930 2340 1093 2406 formosus

90 2449 171 2512 puer
198 2427 390 2512 praeteriret
416 2426 613 2511 dixissetque
641 2426 829 2511 Sophocles:
862 2426 905 2492 ‘O
935 2451 1093 2512 puerum

91 2515 307 2600 pulchrum,
333 2512 513 2580 Periclel’
560 2513 622 2577 ‘At
649 2514 748 2578 enim
769 2518 1002 2599 praetorem,
1029 2513 1093 2581 So·

90 2603 241 2687 phocle,
260 2603 369 2668 decet
386 2624 463 2667 non
481 2602 605 2666 solum
623 2621 770 2683 manus,
789 2601 989 2665 sedetiam
1009 2623 1093 2666 ocu·

90 2692 149 2755 los
178 2690 422 2756 abstinentes
448 2687 610 2755 habere?
647 2687 751 2771 Atqui
778 2687 839 2752 hoc
862 2687 947 2751 idem
971 2686 1093 2772 Sopho·

90 2778 156 2842 cles
190 2777 218 2842 si
249 2778 284 2843 in
311 2779 508 2844 athletarum
535 2776 727 2862 probatione
755 2775 902 2858 dixisset,
932 2775 1020 2840 iusta
1046 2798 1093 2839 re-

89 2865 304 2948 prehensione
318 2867 483 2932 caruisset.
510 2865 617 2931 Tanta
628 2865 679 2930 ris
693 2867 742 2930 est
757 2867 790 2929 et
803 2863 867 2928 loci
881 2866 914 2928 et
928 2863 1093 2948 temporis,

90 2950 145 3035 Ut,
169 2952 198 3016 si
221 2953 285 3037 qui,
307 2976 381 3020 oum
402 2976 533 3020 causam
555 2954 600 3018 sit
623 2957 762 3036 acturus,
784 2951 819 3017 in
841 2951 956 3016 itinere
980 2956 1036 3016 aut
1058 2952 1092 3016 in
1192 2968 1193 2972 ’

90 3040 312 3106 ambulatione
340 3063 448 3107 secum
474 3042 545 3125 ipse
568 3041 749 3125 meditetur,
773 3044 829 3106 aut
852 3041 881 3105 si
904 3039 981 3125 quid
1004 3040 1093 3106 aliud

89 3128 248 3194 attentius
270 3129 405 3212 cogitet,
431 3150 499 3194 non
520 3129 781 3212 reprehendatur,
809 3132 844 3194 at
870 3128 932 3194 hoc
955 3128 1040 3193 idem
1064 3128 1093 3193 si

88 3216 124 3280 in
141 3215 289 3282 convivio
307 3216 423 3298 faciat,
440 3216 635 3282 inhumanus
653 3217 801 3282 rideatur
818 3215 948 3282 inscitia
966 3220 1091 3301 tempo·

91 3302 146 3368 ris.
181 3302 245 3369 Sed
268 3325 315 3387 ea,
338 3325 419 3388 quae
442 3303 582 3368 multum
600 3305 641 3369 ab
660 3304 862 3370 humanitate
885 3304 1110 3389 discrepant,1

91 3391 129 3452 ut
151 3391 179 3455 si
206 3392 262 3476 qui
288 3390 324 3457 in
349 3391 421 3456 foro
445 3394 567 3474 cantet,
594 3395 651 3456 aut
674 3391 702 3457 si
725 3412 789 3476 qua
812 3395 862 3456 est
885 3391 951 3457 alia
973 3413 1094 3476 magna

89 3480 302 3564 perversitas,
325 3478 420 3546 facile
444 3481 579 3565 apparet
600 3501 660 3545 neo
682 3500 878 3566 magnopere
901 3478 1106 3546 admonitio.

164 3586 346 3644 6666666,
360 3587 405 3634 aa
418 3585 536 3642 666666.
549 3583 663 3640 euersa
928 3597 969 3646 ῃ
1113 3570 1117 3575 “
