<?xml version="1.0" encoding="UTF-8"?>
<!DOCTYPE html PUBLIC "-//W3C//DTD XHTML 1.0 Transitional//EN"
    "http://www.w3.org/TR/xhtml1/DTD/xhtml1-transitional.dtd">
<html xmlns="http://www.w3.org/1999/xhtml" xml:lang="en" lang="en">
 <head>
  <title>
</title>
<meta http-equiv="Content-Type" content="text/html;charset=utf-8" />
  <meta name='ocr-system' content='tesseract 3.04.00' />
  <meta name='ocr-capabilities' content='ocr_page ocr_carea ocr_par ocr_line ocrx_word'/>
</head>
<body>
  <div class='ocr_page' id='page_1' title='image "./cicerosphilosop01cicegoog_0446.png"; bbox 0 0 2476 3848; ppageno 0'>
   <div class='ocr_carea' id='block_1_1' title="bbox 473 190 712 254">
    <p class='ocr_par' dir='ltr' id='par_1_1' title="bbox 473 190 712 254">
     <span class='ocr_line' id='line_1_1' title="bbox 473 190 712 254; baseline 0 0"><span class='ocrx_word' id='word_1_1' title='bbox 473 190 624 254; x_wconf 81' lang='lat'>-429</span> <span class='ocrx_word' id='word_1_2' title='bbox 671 224 712 233; x_wconf 95' lang='lat'><strong>-—</strong></span> 
     </span>
    </p>
   </div>
   <div class='ocr_carea' id='block_1_2' title="bbox 91 352 1192 436">
    <p class='ocr_par' dir='ltr' id='par_1_2' title="bbox 91 352 1192 436">
     <span class='ocr_line' id='line_1_2' title="bbox 91 352 1192 436; baseline 0.004 -21"><span class='ocrx_word' id='word_1_3' title='bbox 91 353 147 436; x_wconf 92' lang='lat' dir='ltr'><strong>qui</strong></span> <span class='ocrx_word' id='word_1_4' title='bbox 178 374 243 417; x_wconf 93' lang='lat' dir='ltr'><strong>non</strong></span> <span class='ocrx_word' id='word_1_5' title='bbox 277 352 370 416; x_wconf 88' lang='lat' dir='ltr'><strong>modo</strong></span> <span class='ocrx_word' id='word_1_6' title='bbox 402 373 441 416; x_wconf 89' lang='lat' dir='ltr'><strong>ea</strong></span> <span class='ocrx_word' id='word_1_7' title='bbox 471 352 582 417; x_wconf 87' lang='lat' dir='ltr'><strong>futura</strong></span> <span class='ocrx_word' id='word_1_8' title='bbox 613 353 720 435; x_wconf 89' lang='lat' dir='ltr'><strong>timet,</strong></span> <span class='ocrx_word' id='word_1_9' title='bbox 751 375 861 417; x_wconf 85' lang='lat' dir='ltr'><strong>verum</strong></span> <span class='ocrx_word' id='word_1_10' title='bbox 898 354 996 418; x_wconf 91' lang='lat' dir='ltr'><strong>etiam</strong></span> <span class='ocrx_word' id='word_1_11' title='bbox 1031 354 1096 419; x_wconf 88' lang='lat' dir='ltr'><strong>fert</strong></span> <span class='ocrx_word' id='word_1_12' title='bbox 1191 362 1192 365; x_wconf 73' lang='grc'>’</span> 
     </span>
    </p>
   </div>
   <div class='ocr_carea' id='block_1_3' title="bbox 91 440 1095 698">
    <p class='ocr_par' dir='ltr' id='par_1_3' title="bbox 91 440 1095 698">
     <span class='ocr_line' id='line_1_3' title="bbox 92 440 1095 525; baseline 0.002 -21"><span class='ocrx_word' id='word_1_13' title='bbox 92 441 291 524; x_wconf 70' lang='lat' dir='ltr'><strong>sustinetque</strong></span> <span class='ocrx_word' id='word_1_14' title='bbox 325 440 530 524; x_wconf 83' lang='lat' dir='ltr'><strong>praesentia?</strong></span> <span class='ocrx_word' id='word_1_15' title='bbox 570 441 650 505; x_wconf 90' lang='lat' dir='ltr'><strong>adde</strong></span> <span class='ocrx_word' id='word_1_16' title='bbox 687 441 798 505; x_wconf 93' lang='lat' dir='ltr'><strong>eodem</strong></span> <span class='ocrx_word' id='word_1_17' title='bbox 839 441 947 524; x_wconf 87' lang='lat' dir='ltr'><strong>exilia,</strong></span> <span class='ocrx_word' id='word_1_18' title='bbox 981 443 1095 525; x_wconf 88' lang='lat' dir='ltr'><strong>luctus,</strong></span> 
     </span>
     <span class='ocr_line' id='line_1_4' title="bbox 92 528 1095 612; baseline 0.001 -21"><span class='ocrx_word' id='word_1_19' title='bbox 92 529 263 611; x_wconf 79' lang='lat' dir='ltr'><strong>orbitates3</strong></span> <span class='ocrx_word' id='word_1_20' title='bbox 291 529 346 611; x_wconf 92' lang='lat' dir='ltr'><strong>qui</strong></span> <span class='ocrx_word' id='word_1_21' title='bbox 373 529 468 593; x_wconf 91' lang='lat' dir='ltr'><strong>rebus</strong></span> <span class='ocrx_word' id='word_1_22' title='bbox 496 528 548 592; x_wconf 91' lang='lat' dir='ltr'><strong>his</strong></span> <span class='ocrx_word' id='word_1_23' title='bbox 575 529 697 592; x_wconf 84' lang='lat' dir='ltr'><strong>fractus</strong></span> <span class='ocrx_word' id='word_1_24' title='bbox 726 529 926 612; x_wconf 80' lang='lat' dir='ltr'>aegritudine</span> <span class='ocrx_word' id='word_1_25' title='bbox 958 530 1095 611; x_wconf 80' lang='lat' dir='ltr'><strong>eliditur,</strong></span> 
     </span>
     <span class='ocr_line' id='line_1_5' title="bbox 91 615 1095 698; baseline 0 -18"><span class='ocrx_word' id='word_1_26' title='bbox 91 619 200 698; x_wconf 87' lang='lat' dir='ltr'><strong>potest</strong></span> <span class='ocrx_word' id='word_1_27' title='bbox 230 615 360 680; x_wconf 90' lang='lat' dir='ltr'><strong>tandem</strong></span> <span class='ocrx_word' id='word_1_28' title='bbox 396 637 465 680; x_wconf 88' lang='lat' dir='ltr'><strong>esse</strong></span> <span class='ocrx_word' id='word_1_29' title='bbox 501 638 567 680; x_wconf 91' lang='lat' dir='ltr'><strong>non</strong></span> <span class='ocrx_word' id='word_1_30' title='bbox 603 616 822 680; x_wconf 83' lang='lat' dir='ltr'><strong>miserrimus?</strong></span> <span class='ocrx_word' id='word_1_31' title='bbox 880 615 964 692; x_wconf 83' lang='lat' dir='ltr'><strong>Quid</strong></span> <span class='ocrx_word' id='word_1_32' title='bbox 997 616 1095 681; x_wconf 84' lang='lat' dir='ltr'><strong>vero?</strong></span> 
     </span>
    </p>
   </div>
   <div class='ocr_carea' id='block_1_4' title="bbox 88 791 1162 3593">
    <p class='ocr_par' dir='ltr' id='par_1_4' title="bbox 88 791 1147 2451">
     <span class='ocr_line' id='line_1_6' title="bbox 93 791 1094 876; baseline 0.002 -22"><span class='ocrx_word' id='word_1_33' title='bbox 93 793 217 874; x_wconf 89' lang='lat' dir='ltr'><strong>demus,</strong></span> <span class='ocrx_word' id='word_1_34' title='bbox 236 792 344 857; x_wconf 91' lang='lat' dir='ltr'><strong>omnia</strong></span> <span class='ocrx_word' id='word_1_35' title='bbox 362 792 472 856; x_wconf 85' lang='lat' dir='ltr'><strong>rabide</strong></span> <span class='ocrx_word' id='word_1_36' title='bbox 492 792 695 875; x_wconf 81' lang='lat' dir='ltr'><strong>adpetentem</strong></span> <span class='ocrx_word' id='word_1_37' title='bbox 713 813 785 856; x_wconf 86' lang='lat' dir='ltr'><strong>eum</strong></span> <span class='ocrx_word' id='word_1_38' title='bbox 803 791 990 875; x_wconf 86' lang='lat' dir='ltr'><strong>inexplebili</strong></span> <span class='ocrx_word' id='word_1_39' title='bbox 1008 792 1094 876; x_wconf 92' lang='lat' dir='ltr'><strong>cupi-</strong></span> 
     </span>
     <span class='ocr_line' id='line_1_7' title="bbox 88 879 1096 963; baseline 0.002 -21"><span class='ocrx_word' id='word_1_40' title='bbox 88 880 206 961; x_wconf 79' lang='lat' dir='ltr'><strong>ditate,</strong></span> <span class='ocrx_word' id='word_1_41' title='bbox 234 901 359 962; x_wconf 91' lang='lat' dir='ltr'><strong>quoque</strong></span> <span class='ocrx_word' id='word_1_42' title='bbox 388 879 571 943; x_wconf 88' lang='lat' dir='ltr'><strong>affluentius</strong></span> <span class='ocrx_word' id='word_1_43' title='bbox 593 880 776 963; x_wconf 89' lang='lat' dir='ltr'><strong>voluptates</strong></span> <span class='ocrx_word' id='word_1_44' title='bbox 797 879 936 963; x_wconf 90' lang='lat' dir='ltr'><strong>undique</strong></span> <span class='ocrx_word' id='word_1_45' title='bbox 958 879 1096 963; x_wconf 89' lang='lat' dir='ltr'><strong>hauriat,</strong></span> 
     </span>
     <span class='ocr_line' id='line_1_8' title="bbox 93 967 1095 1051; baseline 0 -21"><span class='ocrx_word' id='word_1_46' title='bbox 93 989 130 1030; x_wconf 89' lang='lat' dir='ltr'><strong>eo</strong></span> <span class='ocrx_word' id='word_1_47' title='bbox 155 967 284 1051; x_wconf 83' lang='lat' dir='ltr'><strong>gravius</strong></span> <span class='ocrx_word' id='word_1_48' title='bbox 308 967 533 1050; x_wconf 82' lang='lat' dir='ltr'><strong>ardentiusque</strong></span> <span class='ocrx_word' id='word_1_49' title='bbox 555 967 731 1046; x_wconf 87' lang='lat' dir='ltr'><strong>sitientem,</strong></span> <span class='ocrx_word' id='word_1_50' title='bbox 753 989 860 1032; x_wconf 88' lang='lat' dir='ltr'><strong>nonne</strong></span> <span class='ocrx_word' id='word_1_51' title='bbox 881 971 967 1032; x_wconf 85' lang='lat' dir='ltr'><strong>recte</strong></span> <span class='ocrx_word' id='word_1_52' title='bbox 985 968 1095 1030; x_wconf 89' lang='lat' dir='ltr'><strong>miser·</strong></span> 
     </span>
     <span class='ocr_line' id='line_1_9' title="bbox 91 1052 1095 1140; baseline 0.003 -23"><span class='ocrx_word' id='word_1_53' title='bbox 91 1056 208 1118; x_wconf 90' lang='lat' dir='ltr'><strong>rimum</strong></span> <span class='ocrx_word' id='word_1_54' title='bbox 235 1054 375 1118; x_wconf 80' lang='lat' dir='ltr'><strong>dixeris?</strong></span> <span class='ocrx_word' id='word_1_55' title='bbox 425 1052 530 1129; x_wconf 80' lang='lat' dir='ltr'><strong>Quid?</strong></span> <span class='ocrx_word' id='word_1_56' title='bbox 563 1055 666 1119; x_wconf 91' lang='lat' dir='ltr'><strong>elatus</strong></span> <span class='ocrx_word' id='word_1_57' title='bbox 694 1055 749 1119; x_wconf 89' lang='lat' dir='ltr'><strong>ille</strong></span> <span class='ocrx_word' id='word_1_58' title='bbox 780 1055 914 1120; x_wconf 83' lang='lat' dir='ltr'><strong>levitate</strong></span> <span class='ocrx_word' id='word_1_59' title='bbox 945 1055 1095 1140; x_wconf 90' lang='lat' dir='ltr'><strong>inanique</strong></span> 
     </span>
     <span class='ocr_line' id='line_1_10' title="bbox 93 1142 1097 1225; baseline 0.003 -20"><span class='ocrx_word' id='word_1_60' title='bbox 93 1143 218 1206; x_wconf 88' lang='lat' dir='ltr'><strong>laetitia</strong></span> <span class='ocrx_word' id='word_1_61' title='bbox 246 1142 391 1205; x_wconf 86' lang='lat' dir='ltr'><strong>exultans</strong></span> <span class='ocrx_word' id='word_1_62' title='bbox 420 1145 453 1205; x_wconf 89' lang='lat' dir='ltr'><strong>et</strong></span> <span class='ocrx_word' id='word_1_63' title='bbox 478 1147 598 1206; x_wconf 89' lang='lat' dir='ltr'><strong>temere</strong></span> <span class='ocrx_word' id='word_1_64' title='bbox 626 1143 766 1225; x_wconf 81' lang='lat' dir='ltr'><strong>gestiens</strong></span> <span class='ocrx_word' id='word_1_65' title='bbox 793 1164 900 1207; x_wconf 91' lang='lat' dir='ltr'><strong>nonne</strong></span> <span class='ocrx_word' id='word_1_66' title='bbox 924 1147 1016 1208; x_wconf 89' lang='lat' dir='ltr'><strong>tanto</strong></span> <span class='ocrx_word' id='word_1_67' title='bbox 1039 1145 1097 1208; x_wconf 88' lang='lat' dir='ltr'><strong>mi-</strong></span> 
     </span>
     <span class='ocr_line' id='line_1_11' title="bbox 93 1229 1096 1315; baseline 0.002 -21"><span class='ocrx_word' id='word_1_68' title='bbox 93 1231 207 1312; x_wconf 89' lang='lat' dir='ltr'><strong>serior,</strong></span> <span class='ocrx_word' id='word_1_69' title='bbox 235 1234 354 1313; x_wconf 91' lang='lat' dir='ltr'><strong>quanto</strong></span> <span class='ocrx_word' id='word_1_70' title='bbox 383 1229 446 1293; x_wconf 90' lang='lat' dir='ltr'><strong>sibi</strong></span> <span class='ocrx_word' id='word_1_71' title='bbox 468 1229 592 1293; x_wconf 82' lang='lat' dir='ltr'><strong>videtur</strong></span> <span class='ocrx_word' id='word_1_72' title='bbox 614 1229 762 1294; x_wconf 79' lang='lat' dir='ltr'><strong>beatior?</strong></span> <span class='ocrx_word' id='word_1_73' title='bbox 808 1231 909 1315; x_wconf 84' lang='lat' dir='ltr'><strong>Ergo·</strong></span> <span class='ocrx_word' id='word_1_74' title='bbox 921 1234 959 1295; x_wconf 89' lang='lat' dir='ltr'><strong>ut</strong></span> <span class='ocrx_word' id='word_1_75' title='bbox 980 1231 1015 1295; x_wconf 93' lang='lat' dir='ltr'><strong>hi</strong></span> <span class='ocrx_word' id='word_1_76' title='bbox 1038 1232 1096 1296; x_wconf 93' lang='lat' dir='ltr'><strong>mi-</strong></span> 
     </span>
     <span class='ocr_line' id='line_1_12' title="bbox 91 1316 1097 1490; baseline 0.001 -21"><span class='ocrx_word' id='word_1_77' title='bbox 91 1316 1097 1490; x_wconf 56' lang='lat' dir='ltr'><strong>{tluffitgllttdlelssllufthdlhltbllll:</strong></span> 
     </span>
     <span class='ocr_line' id='line_1_13' title="bbox 92 1491 1096 1576; baseline 0 -20"><span class='ocrx_word' id='word_1_78' title='bbox 92 1494 200 1557; x_wconf 90' lang='lat' dir='ltr'><strong>nullae</strong></span> <span class='ocrx_word' id='word_1_79' title='bbox 236 1493 362 1557; x_wconf 86' lang='lat' dir='ltr'><strong>futtiles</strong></span> <span class='ocrx_word' id='word_1_80' title='bbox 398 1492 543 1558; x_wconf 84' lang='lat' dir='ltr'><strong>laetitiae</strong></span> <span class='ocrx_word' id='word_1_81' title='bbox 579 1491 762 1556; x_wconf 87' lang='lat' dir='ltr'><strong>exultantes</strong></span> <span class='ocrx_word' id='word_1_82' title='bbox 798 1492 960 1576; x_wconf 85' lang='lat' dir='ltr'><strong>languidis</strong></span> <span class='ocrx_word' id='word_1_83' title='bbox 995 1493 1096 1576; x_wconf 91' lang='lat' dir='ltr'><strong>lique-</strong></span> 
     </span>
     <span class='ocr_line' id='line_1_14' title="bbox 92 1578 1096 1664; baseline 0 -20"><span class='ocrx_word' id='word_1_84' title='bbox 92 1582 216 1645; x_wconf 81' lang='lat' dir='ltr'><strong>faciunt</strong></span> <span class='ocrx_word' id='word_1_85' title='bbox 247 1581 477 1663; x_wconf 80' lang='lat' dir='ltr'><strong>voluptatibus.</strong></span> <span class='ocrx_word' id='word_1_86' title='bbox 530 1578 577 1644; x_wconf 91' lang='lat' dir='ltr'><strong>Ut</strong></span> <span class='ocrx_word' id='word_1_87' title='bbox 613 1580 710 1642; x_wconf 88' lang='lat' dir='ltr'><strong>maris</strong></span> <span class='ocrx_word' id='word_1_88' title='bbox 742 1579 842 1664; x_wconf 82' lang='lat' dir='ltr'><strong>igitur</strong></span> <span class='ocrx_word' id='word_1_89' title='bbox 877 1580 1096 1663; x_wconf 89' lang='lat' dir='ltr'><strong>tranquillitas</strong></span> 
     </span>
     <span class='ocr_line' id='line_1_15' title="bbox 92 1667 1095 1752; baseline 0 -20"><span class='ocrx_word' id='word_1_90' title='bbox 92 1669 290 1752; x_wconf 85' lang='lat' dir='ltr'><strong>intellegitur</strong></span> <span class='ocrx_word' id='word_1_91' title='bbox 307 1669 398 1732; x_wconf 89' lang='lat' dir='ltr'><strong>nulla</strong></span> <span class='ocrx_word' id='word_1_92' title='bbox 415 1690 456 1732; x_wconf 92' lang='lat' dir='ltr'><strong>ne</strong></span> <span class='ocrx_word' id='word_1_93' title='bbox 474 1668 605 1730; x_wconf 89' lang='lat' dir='ltr'><strong>minima</strong></span> <span class='ocrx_word' id='word_1_94' title='bbox 629 1667 756 1750; x_wconf 92' lang='lat' dir='ltr'><strong>quidem</strong></span> <span class='ocrx_word' id='word_1_95' title='bbox 774 1688 852 1730; x_wconf 90' lang='lat' dir='ltr'><strong>aura</strong></span> <span class='ocrx_word' id='word_1_96' title='bbox 874 1667 988 1731; x_wconf 87' lang='lat' dir='ltr'><strong>fluctus</strong></span> <span class='ocrx_word' id='word_1_97' title='bbox 1011 1689 1095 1732; x_wconf 87' lang='lat' dir='ltr'><strong>oom-</strong></span> 
     </span>
     <span class='ocr_line' id='line_1_16' title="bbox 92 1755 1096 1840; baseline -0.002 -19"><span class='ocrx_word' id='word_1_98' title='bbox 92 1762 255 1840; x_wconf 88' lang='lat' dir='ltr'><strong>movente,</strong></span> <span class='ocrx_word' id='word_1_99' title='bbox 279 1757 324 1821; x_wconf 91' lang='lat' dir='ltr'><strong>sic</strong></span> <span class='ocrx_word' id='word_1_100' title='bbox 344 1757 444 1820; x_wconf 88' lang='lat' dir='ltr'><strong>animi</strong></span> <span class='ocrx_word' id='word_1_101' title='bbox 462 1756 586 1838; x_wconf 88' lang='lat' dir='ltr'><strong>quietus</strong></span> <span class='ocrx_word' id='word_1_102' title='bbox 605 1758 638 1818; x_wconf 93' lang='lat' dir='ltr'><strong>et</strong></span> <span class='ocrx_word' id='word_1_103' title='bbox 655 1755 802 1838; x_wconf 88' lang='lat' dir='ltr'><strong>placatus</strong></span> <span class='ocrx_word' id='word_1_104' title='bbox 824 1759 927 1819; x_wconf 88' lang='lat' dir='ltr'><strong>status</strong></span> <span class='ocrx_word' id='word_1_105' title='bbox 947 1756 1096 1837; x_wconf 87' lang='lat' dir='ltr'><strong>cernitur,</strong></span> 
     </span>
     <span class='ocr_line' id='line_1_17' title="bbox 90 1842 1147 1928; baseline -0.007 -19"><span class='ocrx_word' id='word_1_106' title='bbox 90 1867 165 1909; x_wconf 90' lang='lat' dir='ltr'><strong>cum</strong></span> <span class='ocrx_word' id='word_1_107' title='bbox 188 1844 390 1928; x_wconf 89' lang='lat' dir='ltr'><strong>perturbatio</strong></span> <span class='ocrx_word' id='word_1_108' title='bbox 408 1844 498 1907; x_wconf 91' lang='lat' dir='ltr'><strong>nulla</strong></span> <span class='ocrx_word' id='word_1_109' title='bbox 516 1847 573 1925; x_wconf 91' lang='lat' dir='ltr'><strong>est,</strong></span> <span class='ocrx_word' id='word_1_110' title='bbox 596 1864 658 1926; x_wconf 88' lang='lat' dir='ltr'><strong>qua</strong></span> <span class='ocrx_word' id='word_1_111' title='bbox 682 1843 804 1907; x_wconf 89' lang='lat' dir='ltr'><strong>moveri</strong></span> <span class='ocrx_word' id='word_1_112' title='bbox 827 1847 933 1925; x_wconf 80' lang='lat' dir='ltr'><strong>queat.</strong></span> <span class='ocrx_word' id='word_1_113' title='bbox 974 1842 1096 1919; x_wconf 83' lang='lat' dir='ltr'><strong>Quodsi</strong></span> <span class='ocrx_word' id='word_1_114' title='bbox 1115 1855 1147 1903; x_wconf 69' lang='lat'><strong>17</strong></span> 
     </span>
     <span class='ocr_line' id='line_1_18' title="bbox 91 1931 1096 2016; baseline -0.001 -20"><span class='ocrx_word' id='word_1_115' title='bbox 91 1938 154 2014; x_wconf 84' lang='lat' dir='ltr'><strong>est,</strong></span> <span class='ocrx_word' id='word_1_116' title='bbox 178 1934 232 2016; x_wconf 93' lang='lat' dir='ltr'><strong>qui</strong></span> <span class='ocrx_word' id='word_1_117' title='bbox 249 1933 314 1997; x_wconf 80' lang='lat' dir='ltr'><strong>vim</strong></span> <span class='ocrx_word' id='word_1_118' title='bbox 331 1934 492 2014; x_wconf 80' lang='lat' dir='ltr'><strong>fortunae,</strong></span> <span class='ocrx_word' id='word_1_119' title='bbox 511 1931 567 2014; x_wconf 91' lang='lat' dir='ltr'><strong>qui</strong></span> <span class='ocrx_word' id='word_1_120' title='bbox 585 1931 694 1995; x_wconf 90' lang='lat' dir='ltr'><strong>omnia</strong></span> <span class='ocrx_word' id='word_1_121' title='bbox 711 1931 865 2012; x_wconf 88' lang='lat' dir='ltr'><strong>humana,</strong></span> <span class='ocrx_word' id='word_1_122' title='bbox 883 1952 964 2014; x_wconf 88' lang='lat' dir='ltr'><strong>quae</strong></span> <span class='ocrx_word' id='word_1_123' title='bbox 983 1932 1096 2014; x_wconf 91' lang='lat' dir='ltr'><strong>cuique</strong></span> 
     </span>
     <span class='ocr_line' id='line_1_19' title="bbox 93 2019 1097 2104; baseline -0.001 -20"><span class='ocrx_word' id='word_1_124' title='bbox 93 2022 237 2084; x_wconf 86' lang='lat' dir='ltr'><strong>accidere</strong></span> <span class='ocrx_word' id='word_1_125' title='bbox 259 2023 408 2104; x_wconf 85' lang='lat' dir='ltr'><strong>possunt,</strong></span> <span class='ocrx_word' id='word_1_126' title='bbox 430 2019 614 2085; x_wconf 83' lang='lat' dir='ltr'><strong>tolerabilia</strong></span> <span class='ocrx_word' id='word_1_127' title='bbox 637 2019 745 2102; x_wconf 87' lang='lat' dir='ltr'><strong>ducat,</strong></span> <span class='ocrx_word' id='word_1_128' title='bbox 770 2041 808 2083; x_wconf 92' lang='lat' dir='ltr'><strong>ex</strong></span> <span class='ocrx_word' id='word_1_129' title='bbox 830 2041 893 2102; x_wconf 92' lang='lat' dir='ltr'><strong>quo</strong></span> <span class='ocrx_word' id='word_1_130' title='bbox 915 2019 1097 2085; x_wconf 82' lang='lat' dir='ltr'><strong>nectimur</strong></span> 
     </span>
     <span class='ocr_line' id='line_1_20' title="bbox 92 2107 1097 2192; baseline 0.003 -23"><span class='ocrx_word' id='word_1_131' title='bbox 92 2130 165 2170; x_wconf 88' lang='lat' dir='ltr'><strong>eum</strong></span> <span class='ocrx_word' id='word_1_132' title='bbox 187 2128 246 2169; x_wconf 86' lang='lat' dir='ltr'><strong>nec</strong></span> <span class='ocrx_word' id='word_1_133' title='bbox 268 2128 370 2189; x_wconf 84' lang='lat' dir='ltr'><strong>angor</strong></span> <span class='ocrx_word' id='word_1_134' title='bbox 394 2108 547 2191; x_wconf 80' lang='lat' dir='ltr'><strong>attingat,</strong></span> <span class='ocrx_word' id='word_1_135' title='bbox 570 2107 716 2191; x_wconf 91' lang='lat' dir='ltr'><strong>idemque</strong></span> <span class='ocrx_word' id='word_1_136' title='bbox 735 2107 763 2170; x_wconf 91' lang='lat' dir='ltr'><strong>si</strong></span> <span class='ocrx_word' id='word_1_137' title='bbox 781 2107 863 2171; x_wconf 91' lang='lat' dir='ltr'><strong>nihil</strong></span> <span class='ocrx_word' id='word_1_138' title='bbox 883 2108 1097 2192; x_wconf 82' lang='lat' dir='ltr'><strong>concupiscat,</strong></span> 
     </span>
     <span class='ocr_line' id='line_1_21' title="bbox 92 2193 1095 2279; baseline 0.003 -22"><span class='ocrx_word' id='word_1_139' title='bbox 92 2195 182 2257; x_wconf 93' lang='lat' dir='ltr'><strong>nulla</strong></span> <span class='ocrx_word' id='word_1_140' title='bbox 204 2193 361 2256; x_wconf 88' lang='lat' dir='ltr'><strong>ecferatur</strong></span> <span class='ocrx_word' id='word_1_141' title='bbox 384 2195 482 2257; x_wconf 91' lang='lat' dir='ltr'><strong>animi</strong></span> <span class='ocrx_word' id='word_1_142' title='bbox 504 2195 593 2258; x_wconf 89' lang='lat' dir='ltr'><strong>inani</strong></span> <span class='ocrx_word' id='word_1_143' title='bbox 611 2196 791 2278; x_wconf 89' lang='lat' dir='ltr'><strong>voluptate,</strong></span> <span class='ocrx_word' id='word_1_144' title='bbox 814 2196 971 2279; x_wconf 89' lang='lat' dir='ltr'><strong>quidest,</strong></span> <span class='ocrx_word' id='word_1_145' title='bbox 995 2218 1050 2260; x_wconf 89' lang='lat' dir='ltr'><strong>cur</strong></span> <span class='ocrx_word' id='word_1_146' title='bbox 1068 2197 1095 2260; x_wconf 93' lang='lat' dir='ltr'><strong>is</strong></span> 
     </span>
     <span class='ocr_line' id='line_1_22' title="bbox 91 2281 1096 2366; baseline 0.001 -21"><span class='ocrx_word' id='word_1_147' title='bbox 91 2303 158 2345; x_wconf 88' lang='lat' dir='ltr'><strong>non</strong></span> <span class='ocrx_word' id='word_1_148' title='bbox 190 2282 304 2344; x_wconf 89' lang='lat' dir='ltr'><strong>beatus</strong></span> <span class='ocrx_word' id='word_1_149' title='bbox 337 2281 401 2344; x_wconf 82' lang='lat' dir='ltr'><strong>sit?</strong></span> <span class='ocrx_word' id='word_1_150' title='bbox 429 2284 461 2343; x_wconf 89' lang='lat' dir='ltr'><strong>et</strong></span> <span class='ocrx_word' id='word_1_151' title='bbox 488 2282 514 2345; x_wconf 91' lang='lat' dir='ltr'><strong>si</strong></span> <span class='ocrx_word' id='word_1_152' title='bbox 541 2281 620 2345; x_wconf 87' lang='lat' dir='ltr'><strong>haec</strong></span> <span class='ocrx_word' id='word_1_153' title='bbox 646 2283 765 2346; x_wconf 85' lang='lat' dir='ltr'><strong>virtute</strong></span> <span class='ocrx_word' id='word_1_154' title='bbox 793 2283 988 2365; x_wconf 84' lang='lat' dir='ltr'><strong>efficiuntur,</strong></span> <span class='ocrx_word' id='word_1_155' title='bbox 1021 2283 1096 2366; x_wconf 90' lang='lat' dir='ltr'><strong>quid</strong></span> 
     </span>
     <span class='ocr_line' id='line_1_23' title="bbox 92 2368 979 2451; baseline 0 -19"><span class='ocrx_word' id='word_1_156' title='bbox 92 2374 155 2451; x_wconf 89' lang='lat' dir='ltr'><strong>est,</strong></span> <span class='ocrx_word' id='word_1_157' title='bbox 178 2390 235 2432; x_wconf 90' lang='lat' dir='ltr'><strong>cur</strong></span> <span class='ocrx_word' id='word_1_158' title='bbox 257 2368 360 2431; x_wconf 85' lang='lat' dir='ltr'><strong>virtus</strong></span> <span class='ocrx_word' id='word_1_159' title='bbox 383 2368 455 2450; x_wconf 91' lang='lat' dir='ltr'><strong>ipsa</strong></span> <span class='ocrx_word' id='word_1_160' title='bbox 478 2390 535 2450; x_wconf 92' lang='lat' dir='ltr'><strong>per</strong></span> <span class='ocrx_word' id='word_1_161' title='bbox 559 2390 680 2432; x_wconf 90' lang='lat' dir='ltr'><strong>senon</strong></span> <span class='ocrx_word' id='word_1_162' title='bbox 704 2369 823 2433; x_wconf 87' lang='lat' dir='ltr'><strong>efficiat</strong></span> <span class='ocrx_word' id='word_1_163' title='bbox 846 2370 979 2434; x_wconf 79' lang='lat' dir='ltr'><strong>beatos?</strong></span> 
     </span>
    </p>

    <p class='ocr_par' dir='ltr' id='par_1_5' title="bbox 92 2452 1133 2978">
     <span class='ocr_line' id='line_1_24' title="bbox 159 2452 1133 2539; baseline -0.006 -18"><span class='ocrx_word' id='word_1_164' title='bbox 159 2457 199 2521; x_wconf 91' lang='lat' dir='ltr'><strong>A.</strong></span> <span class='ocrx_word' id='word_1_165' title='bbox 233 2455 334 2538; x_wconf 85' lang='lat' dir='ltr'><strong>Atqui</strong></span> <span class='ocrx_word' id='word_1_166' title='bbox 364 2456 500 2518; x_wconf 89' lang='lat' dir='ltr'><strong>alterum</strong></span> <span class='ocrx_word' id='word_1_167' title='bbox 531 2455 593 2518; x_wconf 90' lang='lat' dir='ltr'><strong>dici</strong></span> <span class='ocrx_word' id='word_1_168' title='bbox 621 2477 686 2519; x_wconf 93' lang='lat' dir='ltr'><strong>non</strong></span> <span class='ocrx_word' id='word_1_169' title='bbox 715 2459 836 2539; x_wconf 86' lang='lat' dir='ltr'><strong>potest,</strong></span> <span class='ocrx_word' id='word_1_170' title='bbox 866 2457 943 2539; x_wconf 89' lang='lat' dir='ltr'><strong>quin</strong></span> <span class='ocrx_word' id='word_1_171' title='bbox 972 2458 1009 2539; x_wconf 89' lang='lat' dir='ltr'><strong>ii,</strong></span> <span class='ocrx_word' id='word_1_172' title='bbox 1041 2452 1133 2539; x_wconf 76' lang='lat' dir='ltr'><strong>quil</strong></span> 
     </span>
     <span class='ocr_line' id='line_1_25' title="bbox 92 2541 1096 2625; baseline -0.001 -17"><span class='ocrx_word' id='word_1_173' title='bbox 92 2545 174 2609; x_wconf 91' lang='lat' dir='ltr'><strong>nihil</strong></span> <span class='ocrx_word' id='word_1_174' title='bbox 193 2547 347 2625; x_wconf 88' lang='lat' dir='ltr'><strong>metuant,</strong></span> <span class='ocrx_word' id='word_1_175' title='bbox 364 2543 447 2606; x_wconf 92' lang='lat' dir='ltr'><strong>nihil</strong></span> <span class='ocrx_word' id='word_1_176' title='bbox 466 2547 636 2625; x_wconf 86' lang='lat' dir='ltr'><strong>angantur,</strong></span> <span class='ocrx_word' id='word_1_177' title='bbox 654 2541 736 2606; x_wconf 91' lang='lat' dir='ltr'><strong>nihil</strong></span> <span class='ocrx_word' id='word_1_178' title='bbox 753 2544 988 2625; x_wconf 82' lang='lat' dir='ltr'><strong>concupiscant,</strong></span> <span class='ocrx_word' id='word_1_179' title='bbox 1007 2543 1096 2607; x_wconf 91' lang='lat' dir='ltr'><strong>nulla</strong></span> 
     </span>
     <span class='ocr_line' id='line_1_26' title="bbox 92 2628 1095 2716; baseline -0.003 -19"><span class='ocrx_word' id='word_1_180' title='bbox 92 2635 262 2716; x_wconf 88' lang='lat' dir='ltr'><strong>impotenti</strong></span> <span class='ocrx_word' id='word_1_181' title='bbox 282 2631 406 2696; x_wconf 87' lang='lat' dir='ltr'><strong>laetitia</strong></span> <span class='ocrx_word' id='word_1_182' title='bbox 430 2628 622 2714; x_wconf 85' lang='lat' dir='ltr'><strong>ecferantur,</strong></span> <span class='ocrx_word' id='word_1_183' title='bbox 644 2630 732 2694; x_wconf 89' lang='lat' dir='ltr'><strong>beati</strong></span> <span class='ocrx_word' id='word_1_184' title='bbox 751 2631 827 2712; x_wconf 88' lang='lat' dir='ltr'><strong>sint,</strong></span> <span class='ocrx_word' id='word_1_185' title='bbox 849 2631 959 2714; x_wconf 88' lang='lat' dir='ltr'><strong>itaque</strong></span> <span class='ocrx_word' id='word_1_186' title='bbox 984 2631 1016 2694; x_wconf 91' lang='lat' dir='ltr'><strong>id</strong></span> <span class='ocrx_word' id='word_1_187' title='bbox 1034 2631 1095 2695; x_wconf 91' lang='lat' dir='ltr'><strong>tibi</strong></span> 
     </span>
     <span class='ocr_line' id='line_1_27' title="bbox 93 2717 1095 2803; baseline -0.004 -19"><span class='ocrx_word' id='word_1_188' title='bbox 93 2722 244 2803; x_wconf 81' lang='lat' dir='ltr'><strong>conced03</strong></span> <span class='ocrx_word' id='word_1_189' title='bbox 265 2721 401 2784; x_wconf 90' lang='lat' dir='ltr'><strong>alterum</strong></span> <span class='ocrx_word' id='word_1_190' title='bbox 420 2723 526 2784; x_wconf 87' lang='lat' dir='ltr'><strong>autem</strong></span> <span class='ocrx_word' id='word_1_191' title='bbox 546 2720 611 2782; x_wconf 91' lang='lat' dir='ltr'><strong>iam</strong></span> <span class='ocrx_word' id='word_1_192' title='bbox 628 2719 789 2802; x_wconf 84' lang='lat' dir='ltr'><strong>integrum</strong></span> <span class='ocrx_word' id='word_1_193' title='bbox 804 2740 870 2781; x_wconf 91' lang='lat' dir='ltr'><strong>non</strong></span> <span class='ocrx_word' id='word_1_194' title='bbox 884 2721 942 2782; x_wconf 92' lang='lat' dir='ltr'><strong>est.</strong></span> <span class='ocrx_word' id='word_1_195' title='bbox 969 2717 1095 2800; x_wconf 82' lang='lat' dir='ltr'><strong>Superi-</strong></span> 
     </span>
     <span class='ocr_line' id='line_1_28' title="bbox 94 2807 1095 2892; baseline 0 -23"><span class='ocrx_word' id='word_1_196' title='bbox 94 2808 202 2871; x_wconf 91' lang='lat' dir='ltr'><strong>oribus</strong></span> <span class='ocrx_word' id='word_1_197' title='bbox 227 2809 313 2872; x_wconf 88' lang='lat' dir='ltr'><strong>enim</strong></span> <span class='ocrx_word' id='word_1_198' title='bbox 336 2807 609 2892; x_wconf 89' lang='lat' dir='ltr'><strong>disputationibus</strong></span> <span class='ocrx_word' id='word_1_199' title='bbox 629 2807 776 2870; x_wconf 89' lang='lat' dir='ltr'><strong>effectum</strong></span> <span class='ocrx_word' id='word_1_200' title='bbox 798 2809 847 2869; x_wconf 91' lang='lat' dir='ltr'><strong>est</strong></span> <span class='ocrx_word' id='word_1_201' title='bbox 868 2827 983 2869; x_wconf 88' lang='lat' dir='ltr'><strong>vacare</strong></span> <span class='ocrx_word' id='word_1_202' title='bbox 1007 2807 1095 2869; x_wconf 92' lang='lat' dir='ltr'><strong>omni</strong></span> 
     </span>
     <span class='ocr_line' id='line_1_29' title="bbox 94 2895 666 2978; baseline 0.002 -22"><span class='ocrx_word' id='word_1_203' title='bbox 94 2895 193 2957; x_wconf 92' lang='lat' dir='ltr'><strong>animi</strong></span> <span class='ocrx_word' id='word_1_204' title='bbox 215 2898 458 2976; x_wconf 88' lang='lat' dir='ltr'><strong>perturbatione</strong></span> <span class='ocrx_word' id='word_1_205' title='bbox 481 2897 666 2978; x_wconf 88' lang='lat' dir='ltr'><strong>sapientem.</strong></span> 
     </span>
    </p>

    <p class='ocr_par' dir='ltr' id='par_1_6' title="bbox 94 2979 1146 3155">
     <span class='ocr_line' id='line_1_30' title="bbox 158 2979 1146 3068; baseline -0.002 -24"><span class='ocrx_word' id='word_1_206' title='bbox 158 2988 203 3047; x_wconf 85' lang='lat' dir='ltr'><strong>M.</strong></span> <span class='ocrx_word' id='word_1_207' title='bbox 225 2982 387 3047; x_wconf 92' lang='lat' dir='ltr'><strong>Nimirum</strong></span> <span class='ocrx_word' id='word_1_208' title='bbox 409 2985 508 3068; x_wconf 83' lang='lat' dir='ltr'><strong>igitur</strong></span> <span class='ocrx_word' id='word_1_209' title='bbox 531 2982 676 3047; x_wconf 82' lang='lat' dir='ltr'><strong>confecta</strong></span> <span class='ocrx_word' id='word_1_210' title='bbox 697 3002 748 3044; x_wconf 88' lang='lat' dir='ltr'><strong>res</strong></span> <span class='ocrx_word' id='word_1_211' title='bbox 773 2983 836 3062; x_wconf 81' lang='lat' dir='ltr'><strong>est3</strong></span> <span class='ocrx_word' id='word_1_212' title='bbox 860 2979 986 3043; x_wconf 85' lang='lat' dir='ltr'><strong>videtur</strong></span> <span class='ocrx_word' id='word_1_213' title='bbox 1009 2982 1094 3045; x_wconf 88' lang='lat' dir='ltr'><strong>enim</strong></span> <span class='ocrx_word' id='word_1_214' title='bbox 1115 2994 1146 3042; x_wconf 80' lang='lat'><strong>18</strong></span> 
     </span>
     <span class='ocr_line' id='line_1_31' title="bbox 94 3070 602 3155; baseline 0 -22"><span class='ocrx_word' id='word_1_215' title='bbox 94 3070 133 3133; x_wconf 90' lang='lat' dir='ltr'><strong>ad</strong></span> <span class='ocrx_word' id='word_1_216' title='bbox 157 3071 277 3134; x_wconf 87' lang='lat' dir='ltr'><strong>exitum</strong></span> <span class='ocrx_word' id='word_1_217' title='bbox 300 3071 425 3135; x_wconf 85' lang='lat' dir='ltr'><strong>venisse</strong></span> <span class='ocrx_word' id='word_1_218' title='bbox 448 3071 602 3155; x_wconf 80' lang='lat' dir='ltr'><strong>quaestio</strong></span> 
     </span>
    </p>

    <p class='ocr_par' dir='ltr' id='par_1_7' title="bbox 159 3157 674 3242">
     <span class='ocr_line' id='line_1_32' title="bbox 159 3157 674 3242; baseline 0 -21"><span class='ocrx_word' id='word_1_219' title='bbox 159 3159 199 3221; x_wconf 88' lang='lat' dir='ltr'><strong>A.</strong></span> <span class='ocrx_word' id='word_1_220' title='bbox 226 3157 461 3239; x_wconf 88' lang='lat' dir='ltr'><strong>Propemodum</strong></span> <span class='ocrx_word' id='word_1_221' title='bbox 485 3158 515 3220; x_wconf 93' lang='lat' dir='ltr'><strong>id</strong></span> <span class='ocrx_word' id='word_1_222' title='bbox 533 3158 674 3242; x_wconf 90' lang='lat' dir='ltr'><strong>quidem.</strong></span> 
     </span>
    </p>

    <p class='ocr_par' dir='ltr' id='par_1_8' title="bbox 93 3244 1162 3593">
     <span class='ocr_line' id='line_1_33' title="bbox 159 3244 1162 3326; baseline -0.003 -17"><span class='ocrx_word' id='word_1_223' title='bbox 159 3252 203 3309; x_wconf 86' lang='lat' dir='ltr'><strong>M.</strong></span> <span class='ocrx_word' id='word_1_224' title='bbox 225 3245 347 3309; x_wconf 88' lang='lat' dir='ltr'><strong>Verum</strong></span> <span class='ocrx_word' id='word_1_225' title='bbox 373 3249 483 3309; x_wconf 88' lang='lat' dir='ltr'><strong>tamen</strong></span> <span class='ocrx_word' id='word_1_226' title='bbox 511 3245 812 3309; x_wconf 87' lang='lat' dir='ltr'><strong>mathematicorum</strong></span> <span class='ocrx_word' id='word_1_227' title='bbox 844 3244 907 3307; x_wconf 88' lang='lat' dir='ltr'><strong>iste</strong></span> <span class='ocrx_word' id='word_1_228' title='bbox 934 3265 1005 3308; x_wconf 91' lang='lat' dir='ltr'><strong>mos</strong></span> <span class='ocrx_word' id='word_1_229' title='bbox 1037 3247 1095 3326; x_wconf 91' lang='lat' dir='ltr'><strong>est,</strong></span> <span class='ocrx_word' id='word_1_230' title='bbox 1155 3262 1162 3287; x_wconf 48' lang='grc' dir='ltr'><strong>ι·</strong></span> 
     </span>
     <span class='ocr_line' id='line_1_34' title="bbox 93 3331 1096 3417; baseline -0.002 -20"><span class='ocrx_word' id='word_1_231' title='bbox 93 3356 158 3397; x_wconf 90' lang='lat' dir='ltr'><strong>non</strong></span> <span class='ocrx_word' id='word_1_232' title='bbox 180 3349 229 3397; x_wconf 86' lang='lat' dir='ltr'><strong>est</strong></span> <span class='ocrx_word' id='word_1_233' title='bbox 251 3334 528 3417; x_wconf 88' lang='lat' dir='ltr'><strong>philosophorum.</strong></span> <span class='ocrx_word' id='word_1_234' title='bbox 565 3331 651 3396; x_wconf 89' lang='lat' dir='ltr'><strong>Nam</strong></span> <span class='ocrx_word' id='word_1_235' title='bbox 673 3337 856 3416; x_wconf 85' lang='lat' dir='ltr'><strong>geometrae</strong></span> <span class='ocrx_word' id='word_1_236' title='bbox 880 3353 952 3395; x_wconf 85' lang='lat' dir='ltr'><strong>oum</strong></span> <span class='ocrx_word' id='word_1_237' title='bbox 976 3331 1096 3415; x_wconf 89' lang='lat' dir='ltr'><strong>aliquid</strong></span> 
     </span>
     <span class='ocr_line' id='line_1_35' title="bbox 94 3420 1150 3505; baseline -0.002 -20"><span class='ocrx_word' id='word_1_238' title='bbox 94 3422 205 3485; x_wconf 87' lang='lat' dir='ltr'><strong>docere</strong></span> <span class='ocrx_word' id='word_1_239' title='bbox 232 3422 359 3505; x_wconf 91' lang='lat' dir='ltr'><strong>volunt,</strong></span> <span class='ocrx_word' id='word_1_240' title='bbox 388 3421 416 3485; x_wconf 91' lang='lat' dir='ltr'><strong>si</strong></span> <span class='ocrx_word' id='word_1_241' title='bbox 443 3420 519 3504; x_wconf 89' lang='lat' dir='ltr'><strong>quid</strong></span> <span class='ocrx_word' id='word_1_242' title='bbox 546 3420 586 3483; x_wconf 86' lang='lat' dir='ltr'><strong>ad</strong></span> <span class='ocrx_word' id='word_1_243' title='bbox 614 3442 683 3484; x_wconf 90' lang='lat' dir='ltr'><strong>eam</strong></span> <span class='ocrx_word' id='word_1_244' title='bbox 711 3441 778 3483; x_wconf 89' lang='lat' dir='ltr'><strong>rem</strong></span> <span class='ocrx_word' id='word_1_245' title='bbox 806 3421 947 3503; x_wconf 88' lang='lat' dir='ltr'><strong>pertinet</strong></span> <span class='ocrx_word' id='word_1_246' title='bbox 976 3441 1096 3502; x_wconf 88' lang='lat' dir='ltr'><strong>eorum,</strong></span> <span class='ocrx_word' id='word_1_247' title='bbox 1147 3420 1150 3425; x_wconf 79' lang='grc'><strong>’</strong></span> 
     </span>
     <span class='ocr_line' id='line_1_36' title="bbox 94 3508 1095 3593; baseline -0.003 -20"><span class='ocrx_word' id='word_1_248' title='bbox 94 3531 176 3593; x_wconf 90' lang='lat' dir='ltr'><strong>quae</strong></span> <span class='ocrx_word' id='word_1_249' title='bbox 199 3513 274 3573; x_wconf 88' lang='lat' dir='ltr'><strong>ante</strong></span> <span class='ocrx_word' id='word_1_250' title='bbox 298 3509 485 3591; x_wconf 89' lang='lat' dir='ltr'><strong>docuerunt,</strong></span> <span class='ocrx_word' id='word_1_251' title='bbox 507 3508 541 3573; x_wconf 90' lang='lat' dir='ltr'><strong>id</strong></span> <span class='ocrx_word' id='word_1_252' title='bbox 564 3511 694 3572; x_wconf 88' lang='lat' dir='ltr'><strong>sumunt</strong></span> <span class='ocrx_word' id='word_1_253' title='bbox 716 3529 774 3590; x_wconf 89' lang='lat' dir='ltr'><strong>pro</strong></span> <span class='ocrx_word' id='word_1_254' title='bbox 793 3528 944 3573; x_wconf 82' lang='lat' dir='ltr'><strong>concesso</strong></span> <span class='ocrx_word' id='word_1_255' title='bbox 968 3509 1001 3571; x_wconf 92' lang='lat' dir='ltr'><strong>et</strong></span> <span class='ocrx_word' id='word_1_256' title='bbox 1022 3527 1095 3589; x_wconf 89' lang='lat' dir='ltr'><strong>pro·</strong></span> 
     </span>
    </p>
   </div>
   <div class='ocr_carea' id='block_1_5' title="bbox 0 0 1245 3848">
    <p class='ocr_par' dir='ltr' id='par_1_9' title="bbox 0 0 1245 3848">
     <span class='ocr_line' id='line_1_37' title="bbox 0 0 1245 3848; baseline 0 0"><span class='ocrx_word' id='word_1_257' title='bbox 0 0 1245 3848; x_wconf 95' lang='lat' dir='ltr'><strong> </strong></span> 
     </span>
    </p>
   </div>
  </div>
 </body>
</html>
