2476 3848
84 879 107 926 ,4

84 1987 106 2111 t

84 3450 105 3583 ’1

508 213 550 224 -
594 178 659 242 416
692 212 747 271 ‚-

124 336 257 420 vulgata
279 339 367 419 sunt,
391 336 446 400 sed
468 337 570 400 multo
593 335 712 420 magis,
740 335 828 418 quia,
854 336 1020 416 tamquam
1043 333 1137 399 16116

125 424 282 508 quaedam
299 425 375 488 1166
391 423 475 488 61111
497 423 659 488 valentin
677 444 772 506 aqua,
796 422 843 486 sic
861 419 1043 486 Stoicorum
1065 422 1137 488 ista
1200 443 1203 450 ·

125 513 230 597 magis
262 515 393 595 gustata
430 534 526 595 quam
557 513 671 593 potata
706 511 873 574 delectant.
934 507 1035 573 Velut
1066 507 1139 574 iste·

125 600 241 664 chorus
268 600 423 663 virtutum
450 601 485 662 in
512 600 655 663 eculeum
681 598 852 680 impositus
875 596 1031 680 imagines
1056 618 1134 661 con-

125 687 231 750 stituit
259 690 332 750 ante
360 687 470 751 oculos
499 708 569 750 cum
597 686 798 768 amplissima
825 685 995 768 dignitate,
1022 688 1060 747 ut
1090 686 1135 749 ad

126 796 180 838 666
204 774 322 838 6616161
351 778 534 857 perrectura
555 795 614 838 nec
638 795 692 837 666
718 773 813 837 16616
835 773 902 837 1116
925 795 944 836 6
967 793 1000 835 66
1023 772 1134 836 deser·

124 866 177 926 tas
209 883 343 945 passura
373 862 535 944 videatur3
573 883 645 926 oum
679 864 786 924 autem
818 861 961 925 animum
992 860 1033 922 ab
1066 860 1136 924 1616

123 949 249 1032 pictura
276 949 534 1033 imaginibusque
557 950 714 1013 virtutum
744 949 784 1012 ad
806 969 875 1011 rem
897 948 1140 1031 veritatemque

124 1036 312 1118 traduxeris,
330 1036 392 1101 hoc
410 1037 530 1100 nudum
544 1037 745 1120 relinquitur,
764 1037 909 1118 possitne
929 1035 999 1118 quis
1013 1036 1133 1101 beatus

125 1145 207 1206 esse,
234 1145 330 1206 quam
358 1124 631 1207 distorqueatur.
676 1123 778 1199 Quam
802 1125 842 1187 ob
866 1145 934 1187 rem
958 1123 1019 1187 hoc
1042 1145 1133 1188 nunc

125 1232 328 1295 quaeramus3
352 1212 487 1276 11116166
511 1216 619 1276 661616
642 1212 710 1275 6611
732 1213 833 1275 161611
856 1232 896 1274 66
922 1212 1135 1294 expostulent

124 1302 157 1362 61
185 1302 359 1382 querantur
386 1321 419 1363 se
443 1322 463 1363 a
489 1300 585 1364 beata
611 1301 678 1364 vita
706 1321 774 1363 6666
801 1299 940 1362 16116166.
985 1297 1020 1363 Si
1043 1301 1136 1364 enim

124 1387 216 1451 nulla
233 1387 335 1451 virtus
358 1388 528 1470 prudentia
546 1392 652 1470 vacat,
675 1388 844 1471 prudentia
864 1387 935 1470 ipsa
952 1387 1014 1451 hoc
1033 1388 1138 1472 videt,

124 1496 191 1539 non
222 1476 328 1540 omnis
362 1476 463 1540 bonos
496 1497 566 1540 6666
598 1477 696 1540 etiam
727 1476 852 1558 beatos,
888 1476 1054 1558 multaque
1091 1477 1138 1541 de·

124 1562 168 1626 Μ.
183 1563 295 1645 Atilio,
314 1561 349 1638 Q.
369 1561 539 1647 Caepione,
556 1563 607 1628 Μ’.
621 1563 754 1646 Aquilio
772 1563 966 1644 recordatur,
985 1563 1131 1628 beatam-

125 1672 186 1734 que
209 1651 321 1731 vitam,
345 1652 373 1715 si
395 1653 593 1735 imaginibus
611 1652 719 1734 potius
739 1650 788 1713 uti
811 1671 907 1734 quam
929 1652 1025 1714 rebus
1049 1652 1131 1733 ipsis

124 1738 242 1820 placet,
266 1742 435 1803 conantem
452 1741 499 1802 ire
518 1741 551 1803 in
570 1740 712 1803 eculeum
731 1739 849 1802 retinet
869 1738 940 1820 ipsa
957 1737 1133 1820 prudentia

123 1828 282 1909 negatque
315 1827 345 1889 ei
376 1849 448 1891 cum
480 1826 590 1890 dolore
623 1830 655 1889 et
684 1827 828 1891 cruciatu
857 1826 1027 1909 quicquam
1059 1847 1133 1890 6666

125 1934 301 1977 6616111666.

191 2005 236 2063 M.
258 2000 367 2064 Facile
389 2001 496 2082 patior
517 2003 550 2063 te
568 2002 632 2064 isto
651 2001 745 2064 modo
769 2022 880 2085 agere,
904 2001 965 2065 etsi
982 2001 1133 2083 iniquum

125 2090 175 2150 661
193 2088 408 2169 praescribere
427 2086 507 2150 mihi
525 2090 571 2169 te,
589 2109 684 2171 quem
704 2088 894 2152 admodum
914 2111 933 2152 a
951 2111 1001 2152 me
1020 2089 1132 2172 dispu-

124 2175 188 2236 tari
215 2173 304 2237 velis.
351 2171 413 2237 Sed
436 2196 566 2258 quaero,
594 2179 702 2239 utrum
726 2176 846 2259 aliquid
875 2181 983 2240 actum
1008 2178 1132 2259 superi-

125 2260 232 2324 oribus
256 2260 368 2324 diebus
391 2282 432 2324 611
456 2262 538 2326 nihil
561 2263 762 2328 arbitremur.

190 2349 230 2412 A.
257 2348 376 2412 Actum
398 2370 488 2433 vero,
512 2354 543 2414 et
566 2352 766 2435 aliquantum
789 2352 924 2435 quidem.
1125 2406 1130 2417 .

190 2443 235 2500 M.
258 2437 371 2521 Atqui,
395 2438 423 2501 si
445 2439 491 2503 ita
510 2441 572 2521 est,
596 2440 769 2524 profligata
787 2441 851 2504 iam
873 2439 951 2504 haec
969 2442 1002 2502 et
1025 2461 1132 2522 paene

125 2525 165 2588 ad
188 2526 310 2588 exitum
333 2525 470 2590 adducta
493 2528 639 2610 quaestio
663 2531 721 2592 est

190 2613 231 2676 A.
259 2613 328 2689 Quo
351 2613 482 2677 tandem
505 2614 623 2678 modo?

190 2707 235 2764 M.
259 2701 342 2777 Quia
355 2704 462 2766 motus
480 2702 660 2766 turbulenti
678 2704 932 2787 iactationesque
948 2705 1131 2770 animorum

124 2789 277 2852 incitatae
318 2792 351 2852 61
391 2789 513 2872 impetu
556 2790 795 2855 inconsiderato
832 2792 933 2855 elatae
969 2792 1131 2856 rationem

126 2897 252 2940 6166616
275 2877 466 2959 repellentes
490 2877 576 2940 11166
599 2878 712 2942 beatae
735 2879 857 2942 nullam
884 2883 1010 2960 partem
1033 2880 1132 2944 relin-

126 2967 236 3047 quunt.
285 2963 364 3039 Quis
393 2965 478 3028 enim
505 2968 614 3047 potest
641 2969 780 3029 mortem
806 2969 862 3029 aut
889 2966 1033 3030 dolorem
1062 2989 1132 3030 me-

124 3052 231 3132 tuens,
259 3073 395 3133 quorum
423 3053 561 3116 alterum
589 3073 683 3135 saepe
711 3054 814 3135 adest,
844 3053 980 3117 alterum
1004 3075 1133 3137 semper

125 3138 284 3220 inpendet,
304 3160 457 3203 essenon
475 3139 594 3204 miser?
622 3139 714 3224 Quid,
733 3142 761 3205 si
779 3140 872 3224 idem,
891 3141 975 3224 quod
992 3142 1131 3224 plerum·

125 3246 185 3307 que
208 3225 259 3308 fit,
281 3231 516 3309 paupertatem,
538 3228 765 3312 ignominiam,
786 3228 953 3294 infamiam
975 3229 1079 3306 timet,
1103 3231 1132 3294 si

125 3312 341 3390 debilitatem,
365 3316 565 3397 caecitatem,
589 3316 618 3379 61
636 3317 785 3401 denique,
808 3316 892 3400 quod
909 3338 975 3381 non
993 3316 1130 3401 singulis

124 3397 324 3483 1661161166,
347 3401 403 3464 sed
421 3402 608 3484 potentibus
630 3405 758 3486 populis
778 3425 871 3487 saepe
890 3404 1040 3488 contigit,
1064 3427 1130 3469 661-

124 3487 284 3555 vitutem?
302 3491 410 3572 potest
425 3511 461 3553 ea
475 3491 591 3554 timens
606 3512 676 3554 6666
694 3492 863 3576 quisquam
877 3490 1013 3556 beatus?
1036 3490 1137 3578 Quid,
