2436 3840
454 150 694 216 -143-

71 311 243 397 proposita
266 310 454 397 gloriaest,
477 311 584 376 minus
607 311 721 376 acerbe
744 311 885 396 gerenda
906 316 992 379 sunt.
1031 312 1078 380 Ut

10 423 12 429 ’
72 399 160 464 enim
192 421 266 465 cum
297 398 360 464 civi
392 399 488 463 aliter
520 398 757 482 contendimus,
789 399 817 463 si
845 403 896 463 est
922 400 1080 484 inimicus,

72 488 176 568 aliter,
200 487 229 551 si
251 486 445 570 competitor
468 484 556 571 (cum
579 487 682 551 altero
705 490 869 551 certamen
890 486 1023 552 honoris
1047 493 1080 553 et

74 574 244 660 dignitatis
268 578 331 656 est,
357 596 430 639 cum
454 575 558 638 altero
581 574 697 659 capitis
721 577 754 638 et
780 572 911 659 famae),
939 575 985 640 sic
1007 597 1080 641 cum

74 662 257 745 Celtiberis,
280 683 354 727 cum
372 660 513 726 Cimbris
531 661 655 727 bellum
675 665 713 726 ut
735 683 808 727 cum
830 662 969 727 inimicis
993 683 1081 748 gere-

74 751 185 833 batur,
212 753 284 814 uter
312 753 410 833 esset,
441 771 508 814 non
534 753 607 814 uter
632 749 821 834 imperaret,
849 771 923 814 cum
944 749 1081 835 Latinis,

75 837 214 922 Sabinis,
236 835 445 920 Samnitibus,
467 837 598 921 Poenis,
620 836 744 921 Pyrrho
769 838 807 902 de
830 837 966 922 imperio
990 839 1081 902 dimi·

73 927 218 992 cabatur.
256 925 358 990 Poeni
379 924 566 1010 foedifragi,
593 924 731 990 crudelis
754 923 934 1009 Hannibal,
963 926 1081 1009 reliqui

72 1014 233 1079 iustiores.
277 1013 397 1097 Pyrrhi
424 1012 553 1096 quidem
582 1013 621 1077 de
651 1013 788 1098 captivis
821 1013 990 1078 reddendis
1022 1015 1082 1079 illa

72 1102 256 1186 praeclara:

117 1188 1082 1274 Necmiaurumposccnecmipretiumdederitis,

116 1275 195 1342 Nec
223 1280 486 1361 cauponantes
513 1276 672 1358 bellum,
705 1276 770 1340 sed
797 1277 1080 1360 belligerantes

117 1363 249 1447 Ferro,
269 1385 346 1428 non
369 1385 462 1429 auro
484 1364 605 1428 vitam
628 1384 826 1428 cernamus
848 1364 1012 1446 utrique.

119 1449 247 1516 Vosne
268 1452 366 1519 velit
389 1473 436 1517 an
457 1473 512 1516 me
535 1470 698 1536 regnare
722 1472 799 1533 era,
823 1451 960 1600 qlpidve
977 1449 1082 1516 ferat

874 1559 935 1602 ors

75 1688 76 1693 ,
118 1624 278 1690 Virtute
309 1627 561 1712 experiamur.
614 1625 664 1690 Et
695 1625 765 1689 hoc
791 1625 916 1776 dsimul
940 1587 1081 1711 'accipe

816 1712 949 1777 ictum:

119 1799 284 1875 Quorum
306 1801 447 1866 virtuti
468 1801 566 1866 belli
587 1800 748 1866 fortuna
770 1800 958 1885 pepercit,

117 1888 336 1954 Eorundem
358 1890 540 1954 libertati
564 1911 619 1953 me
642 1908 799 1974 parcere
822 1892 968 1953 certum
991 1891 1059 1953 est.

117 1976 241 2060 Dono,
257 1977 406 2061 ducite,
434 1977 556 2062 doque
578 1978 711 2043 volent
697 1976 803 2040 tibus
827 1998 908 2041 cum
930 1977 1081 2062 magnis

881 2064 947 2128 dis.
1060 2100 1064 2105 ·

74 2151 209 2238 Regalis
237 2173 314 2216 sane
342 2155 375 2215 et
402 2152 501 2238 digna
526 2151 740 2217 Aeacidarum
768 2172 883 2236 genere
911 2152 1049 2217 sentent
1040 2175 1081 2216 ra.

140 2239 251 2322 Atque
279 2239 378 2303 ctiam
405 2240 434 2304 si
462 2240 539 2340 quid
566 2239 687 2325 singuli
716 2239 918 2324 temporibus
951 2210 1133 2337 adductr13

73 2327 163 2392 hosti
189 2327 422 2410 promisenmt,
449 2327 535 2391 est
525 2350 560 2392 m
586 2348 624 2392 eo
651 2327 722 2412 ipso
750 2327 830 2391 fides
853 2289 1133 2413 conseruando,3⁹

73 2419 111 2480 ut
132 2415 246 2566 primo
261 2414 382 2479 Punico
405 2414 493 2479 bello
516 2415 661 2500 Regulus
685 2437 743 2514 cap
745 2417 798 2479 tus
823 2436 842 2479 a
864 2414 982 2480 Poenis
1008 2436 1081 2479 cum

75 2502 113 2567 de
127 2525 186 2586 cap
188 2501 265 2566 tivis
282 2502 518 2568 commutandis
531 2503 669 2568 Romam
686 2502 805 2566 missus
825 2504 910 2567 esset
928 2501 1081 2566 iurasset-

73 2611 136 2674 que
159 2611 194 2654 se
216 2589 299 2654 redit
285 2594 404 2673 t,urum
426 2590 576 2675 primum,
598 2589 755 2672 utveuit,
781 2592 856 2673 capt
842 2589 927 2652 tivos
950 2589 1081 2653 redden·

74 2677 190 2743 dosin
212 2681 328 2743 senatu
348 2699 415 2742 non
438 2679 574 2762 censuit,
598 2677 727 2759 deinde,
749 2698 822 2741 cum
845 2666 1081 2741 retineretura

73 2764 264 2850 propinquis
287 2769 320 2829 et
343 2765 384 2830 ab
409 2765 534 2848 amicis,
556 2766 598 2830 ad
620 2727 814 2850 supplicium
837 2762 941 2827 redire
964 2763 1080 2828 maluit

74 2874 172 2935 quam
185 2852 282 2917 fidem
291 2853 378 2917 host
353 2857 381 2917 ιι
395 2853 505 2918 datam
515 2816 638 2918 iallere.
667 2850 825 2934 [Secundo
840 2854 896 2915 aut
898 2873 949 2915 em
882 2849 1079 2917 tPunico
1099 2869 1132 2919 40

73 2940 161 3005 bello
184 2945 260 3025 post
283 2938 484 3006 Cannensem
506 2963 649 3041 pugnam
675 2961 756 3023 quos
780 2940 889 3005 decem
912 2938 1079 3006 Hannibal

72 3027 285 3092 Romamt
232 3049 267 3092 as
270 3029 384 3093 trietos
404 3028 520 3093 misit
510 3050 581 3093 rure
600 3028 736 3092 iurando
760 3048 793 3092 se
816 3027 900 3092 redit
886 3030 977 3093 turos
1001 3050 1080 3112 esse,

71 3116 136 3181 nisi
160 3117 199 3179 de
221 3116 458 3181 redimendis''
436 3138 491 3200 ns,
519 3117 574 3201 qui
597 3115 686 3200 capti
708 3119 814 3198 erant,
840 3115 1080 3217 impetrassent,

74 3225 128 3269 eos
153 3225 264 3269 omnes
288 3225 451 3287 censores,
469 3203 582 3305 quoad
609 3203 745 3287 quisque
767 3225 878 3268 eorum
900 3203 995 3287 vixit,
1024 3204 1080 3287 qui

72 3291 286 3377 peierasscnt,
312 3293 347 3357 in
375 3291 507 3357 aerariis
534 3292 734 3375 reliquerunt
760 3312 819 3355 nec
846 3292 953 3356 minus
976 3254 1079 3375 illum,

73 3380 129 3463 qui
151 3380 231 3444 iuris
253 3380 381 3445 iurandi
398 3378 510 3444 fraude
529 3380 657 3464 culpam
675 3379 851 3444 invenerat.
888 3376 969 3443 Cum
993 3379 1079 3443 enim

71 3466 268 3534 Hannibalis
294 3468 457 3554 permissu
482 3466 602 3533 exisset
628 3466 667 3530 de
695 3488 748 3532 cas
749 3466 826 3551 tris,
855 3465 956 3532 rediit
980 3467 1089 3548 paulu
