2476 3848
104 717 138 766 36

541 190 781 256 —516-

155 355 339 438 importuno
362 357 492 437 tamque
515 352 648 437 crudeli3
672 351 736 435 sin,
758 355 797 416 ut
817 351 927 416 dolore
946 372 1003 416 suo
1022 351 1168 417 sanciret

155 443 305 507 militaris
332 441 461 524 imperii
487 440 692 522 disciplinam
714 440 952 523 exercitumque
978 438 1014 503 in
1039 439 1167 524 gravis-

156 531 238 595 simo
270 530 356 594 bello
389 528 676 592 animadversionis
710 530 797 590 metu
836 527 1028 611 contineret,
1063 526 1168 592 saluti

156 617 321 701 prospexit
355 616 487 698 civium,
523 637 587 699 qua
622 614 834 698 intellegebat
869 614 1026 678 contineri
1061 635 1167 681 suam.

156 707 263 789 Atque
294 705 375 769 haee
405 704 490 768 ratio
521 703 587 767 late
618 706 717 785 patet.
760 701 800 766 In
827 723 890 786 quo
915 702 1001 766 enim
1023 703 1167 766 maxime

156 793 323 858 consuevit
344 792 466 856 iactare
484 793 592 855 vestra
610 812 644 854 se
667 790 786 871 oratic,
808 792 864 854 tua
886 791 1085 872 praesertim,
1109 791 1168 874 qui

157 881 299 946 studiose
327 880 461 962 antiqua
487 877 700 962 persequeris,
727 877 824 941 claris
852 879 886 941 et
911 877 1050 941 fortibus
1082 878 1167 943 viris

157 966 445 1034 commemorandis
468 987 641 1050 eorumque
663 964 760 1029 factis
777 986 843 1029 non
866 965 1081 1030 emolumento
1105 965 1168 1031 ali·

158 1077 236 1139 quo,
258 1055 315 1120 sed
336 1055 437 1138 ipsius
459 1053 637 1118 honestatis
661 1054 774 1117 decore
796 1051 980 1136 laudandis,
999 1052 1034 1116 id
1055 1055 1168 1118 totum

158 1143 313 1207 evertitur
340 1163 377 1206 eo
405 1142 523 1206 dilectu
549 1162 670 1223 rerum,
697 1161 792 1223 quem
814 1139 910 1204 modo
937 1139 1017 1223 dixi,
1044 1141 1167 1205 consti·

157 1234 239 1312 tuto,
256 1233 294 1293 ut
308 1232 365 1293 aut
377 1229 559 1312 voluptates
578 1229 771 1292 omittantur
785 1227 942 1291 maiorum
961 1229 1168 1311 voluptatum

158 1317 436 1401 adipiscendarum
454 1337 550 1380 causa
564 1319 622 1380 aut
635 1315 762 1380 dolores
776 1314 989 1397 suscipiantur
1005 1315 1168 1381 maiorum

159 1406 306 1471 dolorum
330 1403 582 1489 effugiendorum
605 1403 719 1486 gratia.

106 1463 147 1588 ἐξ
226 1490 288 1556 Sed
319 1492 357 1556 de
387 1492 546 1556 clarorum
577 1490 745 1554 hominum
781 1489 877 1554 iactis
913 1489 1094 1556 illustribus
1132 1495 1169 1556 et

159 1580 309 1664 gloriosis
340 1580 420 1644 satis
450 1578 513 1643 hoe
540 1578 610 1642 loco
638 1578 759 1642 dictum
786 1577 838 1642 sit
887 1578 962 1642 Erit
988 1579 1074 1641 enim
1097 1579 1167 1644 iam

159 1669 198 1732 de
230 1668 373 1744 omnium
400 1666 558 1730 virtutum
585 1686 679 1730 eursu
712 1665 752 1730 ad
783 1665 986 1748 voluptatem
1013 1666 1166 1748 proprius

159 1754 335 1820 disserendi
369 1755 467 1819 locus.
524 1751 620 1817 Nunc
655 1757 763 1817 autem
799 1752 980 1837 explicabo,
1014 1753 1166 1836 voluptas

159 1843 231 1926 ipsa
259 1863 340 1925 quae
368 1841 537 1925 qualisque
565 1840 620 1918 sit,
647 1844 685 1905 ut
710 1839 845 1904 tollatur
867 1862 956 1905 error
978 1841 1081 1905 omnis
1103 1840 1168 1904 im-

158 1930 337 2013 peritorum
363 1927 647 2010 intellegaturque,
675 1949 725 2010 ea,
753 1948 834 2010 quae
860 1928 1056 2012 voluptaria,
1083 1927 1167 1992 deli-

161 2020 247 2099 cata,
269 2016 376 2080 mollis
399 2016 558 2079 habeatur
582 2013 767 2097 disciplina,
795 2036 892 2098 quam
918 2015 1040 2100 gravis,
1067 2037 1167 2098 quam

100 2160 105 2170 .
160 2104 341 2184 continens,
369 2123 465 2184 quam
492 2123 605 2165 severa
631 2102 683 2166 sit.
731 2100 808 2167 Non
836 2103 921 2167 enim
947 2102 1032 2168 hano
1061 2104 1167 2168 solam

61 2864 141 3251 l

71 3268 74 3277 ι

61 3292 65 3301 a

161 2189 1169 2361 {tqtlu‘sldttttitbdqbuitimulmi

160 2366 335 2428 maximam
358 2365 559 2446 voluptatem
581 2364 673 2428 illam
696 2364 865 2448 habemus,
888 2386 969 2449 quae
990 2365 1170 2450 percipitur

161 2453 249 2517 omni
271 2453 381 2517 dolore
404 2451 557 2515 detracto.
601 2450 688 2516 Nam
710 2453 874 2536 quoniam,
901 2474 974 2517 oum
1000 2453 1169 2536 privamur

160 2541 283 2623 dolore,
310 2540 382 2622 ipsa
407 2539 598 2604 liberatione
625 2543 658 2603 et
679 2539 842 2605 vacuitate
870 2541 975 2605 omnis
997 2541 1169 2606 molestiae

161 2628 351 2712 gaudemuS,
378 2649 472 2692 omne
500 2632 606 2691 autem
635 2627 682 2711 id,
709 2649 771 2712 quo
800 2628 988 2712 gaudemus,
1015 2629 1168 2712 voluptas
1208 2649 1210 2653 ’

161 2720 224 2798 est,
251 2718 288 2779 ut
315 2736 421 2798 omne,
450 2736 512 2797 quo
541 2714 746 2796 offendimur,
778 2715 883 2799 dolor,
913 2716 1033 2781 doloris
1061 2716 1169 2781 omnis

160 2803 300 2888 privatio
322 2805 408 2866 recte
430 2803 596 2866 nominata
619 2806 668 2865 est
690 2802 850 2886 voluptas.
898 2801 945 2868 Ut
967 2804 1067 2887 enim,
1093 2825 1169 2868 cum

159 2891 232 2957 cibo
260 2893 294 2954 et
319 2890 450 2972 potione
477 2889 578 2953 fames
607 2889 741 2973 sitisque
769 2891 901 2972 depulsa
927 2894 990 2973 est,
1019 2891 1092 2974 ipsa
1113 2891 1169 2956 de-

158 2978 277 3043 tractio
299 2977 467 3042 molestiae
496 2978 753 3041 consecutionem
783 2979 877 3042 affert
903 2978 1092 3063 voluptatis,
1122 2980 1170 3043 sic

159 3065 196 3129 in
222 3065 311 3130 omni
332 3085 366 3127 re
389 3064 509 3128 doloris
533 3065 653 3128 amotio
677 3065 911 3129 successionem
933 3064 1033 3130 efficit
1054 3065 1170 3150 volup·

161 3151 249 3216 tatis.
290 3151 405 3234 Itaque
426 3173 493 3215 non
514 3152 636 3235 placuit
658 3150 800 3235 Epicuro
824 3151 964 3216 medium
983 3174 1054 3217 esse
1077 3154 1170 3237 quid·

161 3239 235 3302 dam
262 3239 346 3301 inter
375 3239 519 3303 dolorem
546 3243 579 3304 et
604 3239 818 3323 voluptatem3
841 3239 921 3304 illud
944 3240 1029 3304 enim
1051 3240 1171 3326 ipsum,

161 3327 246 3410 quod
274 3325 465 3408 quibusdam
499 3326 639 3390 medium
666 3327 806 3412 videtur,
837 3348 910 3391 oum
937 3328 1026 3393 omni
1057 3327 1170 3393 dolore

61 3394 296 3632 ”pareret
327 3433 395 3475 non
429 3413 525 3478 modo
561 3415 762 3497 voluptatem
799 3436 885 3498 esse,
920 3437 1032 3480 verum
1068 3416 1171 3481 etiam

176 3521 320 3565 ummam
341 3499 550 3582 voluptatem.
589 3501 742 3586 Quisquis
765 3502 852 3567 enim
875 3502 988 3587 sentit,
1010 3523 1106 3586 quem
1129 3504 1173 3570 ad
