2476 3848
539 156 780 224 -206-

104 338 136 387 51
155 321 235 387 iuris
258 319 363 385 civilis
383 320 419 385 in
441 319 555 405 primis
578 318 701 403 peritus
724 317 796 382 fuit.
841 315 950 401 Atque
974 318 1073 383 etiam
1095 318 1160 384 hoc

155 403 363 494 praeceptum
390 408 488 474 officii
515 407 688 492 diligenter
714 405 889 470 tenendum
912 408 976 491 est,
997 429 1038 471 ne
1062 429 1159 491 quem

155 519 309 580 umquam
331 496 534 561 innocentem
555 495 672 560 iudicio
695 493 811 579 eapitis
831 514 993 577 arcessas,
1015 494 1050 559 id
1072 495 1161 560 enim

156 585 225 649 sine
253 584 371 650 scelere
398 584 469 648 fieri
495 583 586 648 nullo
613 586 709 667 paeto
736 585 855 666 potest.
898 580 986 646 Nam
1009 582 1162 667 quidest

155 676 225 736 tam
246 672 458 737 inhumanum
476 694 574 755 quam
592 670 810 754 eloquentiam
832 691 852 734 a
870 674 989 734 natura
1012 671 1053 734 ad
1072 670 1161 736 salu-

155 764 222 824 tem
245 760 413 824 hominum
440 763 473 823 ct
499 760 541 823 ad
563 758 839 823 conservationem
861 757 971 822 datam
993 758 1035 823 ad
1057 759 1161 823 bono-

156 870 228 912 rum
250 851 376 930 pestem
398 846 635 931 perniciemque
658 846 865 910 convertere?
902 844 970 910 Nec
987 850 1109 931 tamen,
1122 851 1161 911 ut

155 933 218 999 hoc
239 934 428 1021 fugiendum
456 937 518 1018 est,
545 935 625 998 item
652 938 702 998 est
724 933 908 997 habendum
929 934 1082 1019 religioni
1103 956 1161 1000 no·

157 1025 282 1087 centem
305 1022 492 1106 aliquando,
514 1023 610 1086 modo
633 1043 674 1086 ne
691 1020 851 1085 nefarium
872 1020 1083 1107 impiumque,
1108 1023 1160 1087 de

156 1110 299 1195 fondere,
321 1111 393 1175 vult
415 1110 477 1174 hoc
500 1110 688 1192 multitudo,
710 1109 836 1194 patitur
858 1110 1070 1193 consuetude,
1092 1110 1160 1175 fert

158 1198 256 1262 etiam
278 1198 472 1262 humanitas.
508 1197 626 1262 Iudicis
645 1201 695 1262 est
718 1218 845 1281 semper
866 1197 901 1260 in
919 1197 1024 1262 causis
1047 1219 1161 1262 rerum

159 1286 263 1369 sequi,
286 1286 416 1371 patroni
438 1308 504 1352 non
525 1308 702 1369 numquam
720 1285 789 1349 veri
807 1285 927 1368 simile,
949 1286 1079 1350 etiamsi
1102 1286 1161 1350 mi·

156 1395 217 1440 nus
246 1374 289 1438 sit
315 1396 440 1458 verum,
469 1374 651 1456 defendere3
679 1373 764 1457 quod
787 1373 940 1456 scribere,
966 1373 1161 1459 praesertim

158 1484 230 1526 cum
262 1462 300 1527 de
331 1463 539 1547 philosophia
575 1462 761 1543 scriberem,
797 1478 864 1525 non
895 1461 1060 1545 auderem,
1095 1462 1161 1526 nisi

157 1550 242 1615 idem
256 1551 399 1635 placeret
413 1551 604 1636 gravissimo
619 1548 810 1632 Stoicorum,
822 1547 987 1614 Panaetio.
1008 1549 1161 1614 Maxume

159 1643 268 1704 autem
290 1643 323 1703 et
342 1639 448 1724 gloria
464 1640 590 1724 paritur
609 1642 642 1702 et
660 1637 768 1723 gratia
786 1636 1039 1721 defensionibus,
1057 1659 1161 1722 eoque

158 1727 271 1810 maior,
298 1727 327 1791 si
353 1727 481 1811 quando
509 1726 638 1808 accidit,
665 1728 703 1789 ut
725 1725 755 1789 ei
778 1725 994 1809 subveniatur,
1022 1725 1077 1809 qui
1104 1748 1161 1811 po·

157 1815 257 1879 tentis
272 1815 406 1879 alicuius
421 1814 536 1898 opibus
550 1813 774 1878 circumveniri
790 1815 983 1898 urguerique
1002 1814 1162 1899 videatur,

157 1907 195 1966 ut
217 1923 276 1966 nos
300 1905 333 1966 et
356 1923 450 1985 saepe
473 1901 555 1964 alias
578 1904 611 1964 et
629 1900 848 1965 adulescentes
868 1905 981 1967 contra
998 1901 1033 1966 L.
1049 1900 1160 1966 Sullae

159 1989 355 2054 dominantis
387 2010 464 2072 opes
496 2010 555 2072 pro
583 1985 653 2051 Sex.
676 1987 794 2053 Roscio
828 1988 982 2053 Amerino
1014 1989 1160 2074 fecimus,

160 2098 255 2159 quae,
278 2079 315 2140 ut
338 2076 413 2157 scis,
437 2079 543 2139 exstat
566 2075 680 2140 oratio.

225 2160 287 2226 Sed
310 2163 464 2247 expositis
488 2163 740 2228 adulescentium
768 2163 896 2247 officiis,
924 2186 1006 2248 quae
1028 2166 1161 2230 valeant

159 2251 201 2314 ad
223 2250 362 2334 gloriam
385 2251 637 2336 adipiscendam,
660 2252 808 2336 deinceps
832 2253 871 2317 de
889 2252 1100 2318 beneficentia
1122 2274 1161 2317 ac

159 2338 198 2402 de
220 2339 418 2404 liberalitate
445 2339 614 2404 dicendum
641 2343 704 2422 est,
731 2339 820 2404 cuius
847 2344 898 2404 est
920 2340 1004 2405 ratio
1028 2340 1160 2425 duplex,

158 2447 234 2490 nam
262 2429 318 2491 aut
346 2448 444 2511 opera
466 2428 605 2514 benigne
632 2429 671 2491 fit
692 2427 913 2512 indigentibus
936 2432 992 2493 aut
1015 2429 1159 2513 pecunia

157 2511 297 2579 Facilior
326 2519 376 2579 cst
398 2516 478 2582 haec
500 2516 669 2600 posterior,
691 2514 846 2598 locupleti
868 2516 1073 2600 praesertim,
1103 2516 1160 2580 sed

158 2601 217 2666 illa
235 2602 355 2667 lautior
370 2625 407 2668 ao
421 2603 618 2689 splendidior
633 2604 665 2666 et
679 2601 749 2666 viro
763 2602 843 2667 forti
857 2604 1008 2687 claroque
1022 2604 1160 2689 dignior.

159 2688 361 2775 Quamquam
380 2692 465 2755 enim
481 2691 517 2755 in
534 2694 670 2774 utroque
688 2689 774 2753 inest
792 2691 996 2775 gratificandi
1013 2691 1160 2756 liberalis

158 2780 323 2863 voluntas,
346 2783 457 2844 tamen
480 2778 583 2843 altera
606 2799 645 2842 ex
667 2799 757 2862 arca,
781 2778 885 2844 altera
908 2801 946 2844 ex
964 2779 1085 2844 virtute
1109 2781 1160 2844 de·

158 2868 327 2950 promitur,
346 2867 554 2951 largitioque,
574 2886 655 2949 quae
673 2865 711 2928 fit
730 2887 769 2929 ex
791 2888 827 2930 re
844 2867 1013 2951 familiari,
1035 2867 1160 2932 iontem

157 2953 264 3036 ipsum
287 2955 498 3039 benignitatis
522 2953 678 3018 exhaurit.
713 2952 765 3017 Ita
787 2954 990 3040 benignitate
1012 2955 1160 3041 benigni-

157 3042 209 3103 tas
232 3042 374 3125 tollitur3
398 3063 462 3124 qua
484 3063 547 3126 quo
570 3042 605 3105 in
626 3042 736 3124 plures
758 3063 836 3107 usus
855 3043 913 3128 sis,
936 3065 974 3108 eo
997 3043 1103 3108 minus
1125 3044 1161 3108 in

105 3141 139 3190 53
158 3127 279 3192 multos
297 3129 347 3193 uti
364 3130 480 3212 possis.
515 3127 561 3192 At
580 3129 635 3212 qni
653 3151 764 3214 opera,
784 3131 818 3196 id
840 3134 891 3196 est
913 3131 1033 3196 virtute
1056 3136 1090 3196 et
1110 3133 1160 3196 in-

159 3214 296 3298 dustria,
313 3216 448 3281 benefici
466 3220 499 3280 et
516 3216 668 3281 liberales
687 3222 794 3303 erunt,
811 3220 966 3304 primum,
981 3242 1043 3304 quo
1062 3220 1161 3305 pluri·

106 2142 150 2266 a

157 3303 218 3368 bus
242 3301 435 3387 profuerint,
465 3326 502 3370 eo
530 3304 639 3389 plures
672 3305 714 3369 ad
739 3305 878 3392 benigne
900 3308 1083 3372 faciendum
1105 3309 1161 3372 ad-

157 3390 279 3455 iutores
302 3391 482 3476 habebunt,
506 3392 580 3456 dein
602 3394 832 3459 consuetudine
854 3395 1084 3460 beneficentiae
1107 3418 1162 3480 pa·

92 3479 295 3628 *ratiores
318 3483 414 3545 amnt
440 3483 474 3546 et
500 3483 669 3564 tamquam
691 3481 931 3548 exercitatiores
955 3481 996 3547 ad
1017 3482 1100 3547 bene
1123 3484 1163 3548 de
