2476 3848
473 192 713 257 ‚407-

89 352 281 434 accepimus.
316 351 390 417 Iure
408 354 517 417 autem
535 355 605 416 erat
625 372 752 433 semper
773 351 861 417 idem
883 351 1002 431 voltus,
1024 374 1096 418 cum

90 439 221 522 mentis,
244 461 264 504 a
282 461 345 523 qua
366 439 394 504 is
416 439 563 523 fingitur,
585 438 678 503 nulla
699 439 791 503 fieret
808 440 953 506 mutatio.
989 439 1096 517 Quare

90 526 214 610 accipio
237 526 383 679 equidezr
410 525 634 679 11111111ἔί1
656 526 751 678 haege
759 548 849 628 arma
869 531 983 679 gont?
1005 550 1096 594 casus

89 617 945 787 11111111111111111,111111ξηὶ1111
967 619 1097 768 dlii

89 788 171 854 illud
194 789 354 873 opinionis
373 811 455 874 esse,
476 811 544 854 non
559 793 709 873 naturae,
732 791 761 855 si
782 790 870 855 enim
893 791 928 855 in
946 813 982 856 re
1000 794 1096 875 esset,

88 877 282 959 cur-fierent
303 878 434 960 provisa
455 877 600 942 leviora?
644 875 707 942 Sed
733 882 795 962 est,
818 878 921 944 isdem
943 879 1096 944 derebus
1115 895 1150 944 aa

91 964 176 1049 quod
196 963 259 1030 dici
281 965 388 1048 possit
406 964 572 1048 subtilius,
595 965 623 1029 si
640 965 729 1049 prius
748 965 881 1050 Epicuri
902 967 1097 1038 sententiam

90 1052 277 1136 viderimus,
309 1052 365 1136 qui
397 1056 507 1117 censet
537 1073 666 1117 necesse
698 1075 768 1119 esse
796 1054 902 1120 omnis
931 1055 966 1119 in
993 1054 1097 1139 aegri-

90 1140 203 1204 tudine
222 1161 304 1224 esse,
327 1140 383 1225 qui
402 1161 436 1205 11
458 1140 494 1205 in
516 1139 612 1205 malis
632 1162 701 1206 1111
719 1142 929 1224 arbitrentur,
952 1143 1018 1207 sive
1040 1143 1098 1207 illa

92 1232 167 1291 ante
203 1228 335 1312 provisa
371 1232 405 1292 et
436 1231 602 1312 expectata
644 1229 710 1293 sint
743 1229 810 1294 sive
841 1230 1097 1295 inveteraverint.

90 1314 175 1380 Nam
197 1337 301 1400 neque
324 1319 486 1381 vetustate
509 1316 612 1380 minui
634 1317 720 1381 mala
742 1338 799 1381 neo
828 1317 898 1382 fieri
920 1318 1097 1400 praemedi-

90 1407 161 1468 tata
184 1404 318 1487 leviora,
340 1403 537 1488 stultamque
560 1403 660 1468 etiam
684 1425 754 1469 esse
781 1405 1026 1469 meditationem
1048 1404 1097 1469 fn·

91 1492 157 1556 turi
188 1491 267 1556 mali
299 1495 355 1556 aut
384 1491 524 1556 fortasse
552 1512 594 1554 ne
620 1489 722 1555 futuri
750 1491 889 1575 quidem3
918 1493 998 1557 satis
1026 1513 1096 1556 esse

91 1579 240 1645 odiosum
254 1578 375 1643 malum
390 1599 492 1661 omne,
510 1600 584 1644 cum
600 1578 753 1662 venisset3
772 1579 826 1663 qui
845 1581 952 1642 autem
971 1599 1098 1662 semper

91 1667 300 1769 cogitavisset
332 1667 474 1732 accidere
499 1686 600 1817 lposse
623 1665 755 1768 'aliquid
791 1665 929 1818 Ἐπεί,
966 1667 995 1730 11
1014 1666 1097 1817 {reri

91 1755 1098 1927 1111111111111111111

91 1930 167 2013 angi
190 1935 247 1996 aut
270 1930 455 2014 accipiendo
479 1933 537 1994 aut
559 1929 731 2015 cogitando
755 1929 850 1995 malo.
888 1928 1097 1994 Levationem
1115 1945 1150 1993 33

92 2022 201 2082 autem
225 2018 435 2101 aegritudinis
459 2018 493 2104 in
517 2018 640 2084 duabus
662 2018 758 2083 rebus
782 2018 887 2101 ponit,
910 2017 1097 2083 avocatione

91 2126 111 2168 a
134 2106 308 2188 cogitanda
330 2106 482 2170 molestia
501 2109 534 2170 et
551 2106 753 2171 revocatione
773 2105 814 2170 ad
832 2105 1097 2189 contemplandas

90 2192 285 2273 voluptates.
320 2192 437 2257 Parere
455 2193 541 2257 enim
565 2197 674 2258 censet
696 2195 837 2258 animum
861 2194 979 2258 rationi
1002 2215 1097 2277 posse

92 2283 138 2362 11,
165 2300 229 2362 quo
257 2279 314 2343 illa
340 2280 451 2363 ducat,
479 2281 576 2363 sequi.
625 2278 726 2345 Vetat
751 2282 852 2364 igitur
873 2281 956 2345 ratio
979 2281 1098 2347 intueri

91 2365 268 2450 molestias,
286 2367 449 2431 abstrahit
467 2368 506 2432 ab
526 2366 650 2431 acerbis
670 2368 931 2451 cogitationibus,
948 2367 1097 2433 hebetem

89 2455 168 2535 facit
189 2454 291 2518 aciem
314 2453 355 2519 ad
378 2454 524 2518 miseriae
544 2454 820 2536 contemplandas3
844 2455 1003 2538 aquibus
1026 2477 1098 2520 oum

92 2541 209 2607 occinit
239 2542 394 2625 receptui,
424 2541 553 2625 inpellit
584 2562 713 2605 rursum
743 2544 776 2605 et
806 2542 921 2605 incitat
954 2541 994 2606 ad
1023 2563 1097 2606 con·
1134 2543 1136 2546 ’

92 2630 272 2714 spiciendas
299 2633 431 2714 totaque
453 2632 561 2694 mente
584 2628 827 2693 contrectandas
856 2629 962 2693 varias
986 2629 1098 2713 volup-

91 2721 191 2796 tates,
222 2717 339 2802 quibus
370 2717 427 2782 ille
460 2721 492 2782 et
523 2717 770 2801 praeteritarum
797 2717 954 2781 memoria
981 2719 1014 2780 et
1042 2738 1097 2800 spe

92 2805 355 2890 consequentium
378 2805 535 2890 sapientis
559 2805 660 2869 vitam
682 2803 833 2868 refertam
855 2807 958 2886 putat
1009 2803 1098 2873 Haec

90 2895 203 2957 nostro
231 2914 320 2959 more
346 2917 406 2959 nos
434 2893 586 2976 diximus,
612 2891 757 2975 Epicurii
781 2891 891 2955 dicunt
917 2912 985 2956 suo.
1035 2888 1098 2955 sed

92 2998 173 3061 quae
196 2978 321 3063 dicant,
343 2981 521 3066 videamus,
544 3002 608 3066 quo
630 2980 739 3062 modo,
761 2979 979 3063 neglegamus.

158 3065 321 3149 Principio
365 3068 450 3132 male
495 3068 733 3152 reprehendunt
776 3066 1098 3150 praemeditationem
1110 3039 1152 3164 132

91 3174 198 3217 rerum
220 3153 410 3219 futurarum.
445 3153 538 3219 Nihil
557 3157 606 3220 est
625 3155 725 3237 enim,
748 3154 831 3238 quod
854 3157 922 3219 tam
942 3156 1099 3220 obtundat

92 3242 257 3326 elevetque
285 3242 520 3327 aegritudinem
547 3265 643 3326 quam
671 3246 827 3326 perpetua
853 3243 888 3307 in
914 3244 1002 3308 omni
1032 3244 1099 3309 vita

92 3329 248 3416 cogitatio
275 3330 357 3395 nihil
384 3351 468 3413 esse,
495 3330 579 3414 quod
603 3351 669 3396 non
692 3330 834 3396 accidere
856 3332 975 3415 possit,

91 3418 258 3483 meditatio
286 3418 484 3484 condicionis
511 3418 684 3497 humanae,
711 3440 808 3503 quam
830 3419 1001 3495 11111111,

91 3508 312 3592 mentatioque
334 3505 482 3591 parendi,
504 3527 586 3591 quae
604 3527 670 3572 non
691 3505 754 3572 hoc
772 3506 891 3588 adfert,
913 3509 951 3573 ut
