2476 3848
502 163 742 228 -234-

123 327 311 393 societatem
325 325 502 392 communis
517 311 672 390 1111111111
686 345 783 389 causa
802 327 951 388 statuunt
970 344 1040 388 1111
1054 345 1130 388 cum

123 415 260 498 civibus,
288 437 369 498 quae
402 413 564 479 sententia
596 435 724 478 omnem
751 413 940 477 societatem
973 410 1130 477 distrahit

123 503 274 568 civitatis.
319 501 381 578 Qui
404 505 513 567 autern
541 501 660 567 civium
687 500 847 565 rationem
871 499 982 564 dicunt
1003 498 1129 563 haben-

123 591 210 674 dam,
234 593 440 655 externorum
462 592 598 674 negant,
619 589 644 652 ii
667 588 823 652 dirimunt
846 607 1048 652 communem
1071 587 1130 651 hu-

123 678 212 742 mani
235 678 361 763 generis
385 677 587 760 societatem,
610 698 674 760 qua
693 676 825 740 sublata
842 675 1068 760 beneficentia,
1092 675 1131 739 li·

123 765 293 848 beralitas,
315 765 461 849 bonitas,
484 764 611 829 iustitia
632 763 779 829 funditus
802 763 952 846 tollitur;¹
968 785 1050 847 quae
1074 763 1132 846 qui

122 855 259 936 tollunt,
291 853 391 918 1111111
423 851 576 916 adversus
604 851 681 916 deos
708 851 898 916 inmortales
930 850 1024 935 impii
1049 851 1132 915 iudi·

123 940 218 1007 candi
240 943 324 1005 sunt.
369 939 422 1004 Ab
450 940 491 1004 iis
519 938 606 1004 enim
632 939 844 1004 constitutam
871 938 957 1002 inter
978 939 1130 1004 homines

124 1028 312 1093 societatem
340 1030 501 1110 evertunt,
529 1026 618 1092 ouius
646 1026 811 1091 societatis
839 1026 1039 1092 artissimum
1061 1026 1131 1092 vin·

124 1116 232 1181 culum
255 1119 305 1179 est
328 1115 434 1200 magis
453 1115 607 1179 arbitrari
630 1136 700 1179 csse
719 1118 833 1180 contra
854 1118 1007 1179 naturam
1025 1114 1129 1180 homi-

123 1224 198 1267 nem
220 1203 346 1267 homini
368 1203 536 1267 detrahere
565 1203 616 1268 sui
638 1202 798 1268 commodi
821 1224 918 1267 causa
941 1224 1040 1286 quam
1063 1224 1130 1268 om-

123 1290 179 1355 nia
204 1291 408 1357 incommoda
436 1290 544 1356 subire
570 1291 623 1356 vel
652 1294 784 1354 externa
810 1291 863 1355 vel
891 1290 1035 1374 corporis

123 1379 176 1444 vel
208 1379 307 1444 etiam
339 1378 441 1463 ipsius
474 1378 586 1457 animi,
617 1400 699 1462 quae
730 1381 846 1442 vacent
877 1377 1017 1462 iustitia3
1049 1379 1131 1444 haec

124 1467 209 1532 enim
236 1488 301 1532 una
327 1467 432 1532 virtus
460 1467 604 1532 omnium
632 1469 682 1531 est
709 1466 839 1531 domina
867 1469 900 1530 11
926 1466 1040 1551 regina
1066 1467 1132 1532 vir·

123 1559 240 1619 tutum.

84 1658 105 1704 11
189 1642 342 1707 Forsitan
370 1642 531 1727 quispiam
559 1641 688 1706 dixerit:
716 1640 832 1707 Nonne
859 1641 962 1726 igitur
990 1642 1130 1727 sapiens,

126 1731 154 1794 si
180 1731 266 1795 fame
292 1732 363 1815 ipse
390 1731 587 1806 conficiatur,
615 1729 788 1794 abstulerit
815 1730 922 1794 cibum
950 1730 1047 1794 alteri
1074 1731 1130 1796 ho·

124 1818 205 1883 mini
228 1819 268 1882 ad
294 1819 417 1882 nullam
440 1839 508 1882 rem
531 1816 627 1882 utili?
668 1817 815 1898 [Minime
837 1839 928 1901 vero3
954 1819 1130 1882 nonenim

125 1905 207 1970 mihi
229 1908 279 1969 111
301 1905 370 1969 1111
397 1927 469 1969 mea
495 1905 609 1969 utilior
637 1927 734 1988 quam
757 1905 857 1969 animi
880 1906 957 1970 talis
980 1906 1130 1991 adfectio,

124 1993 286 2056 neminem
313 1995 350 2056 ut
377 1992 495 2057 violem
523 1992 683 2057 commodi
704 1992 769 2056 mei
791 1993 921 2078 gratia]
967 1993 1073 2068 Quid?
1102 1994 1131 2058 si

124 2079 308 2163 Phalarim,
327 2079 488 2143 crudelem
505 2083 678 2163 tyrannum
699 2082 734 2143 et
752 2080 928 2165 inmanem,
946 2080 1129 2167 virbonus,

125 2189 165 2231 ne
197 2167 267 2250 ipse
298 2166 421 2251 frigore
453 2168 654 2252 conficiatur,
685 2168 808 2232 vestitu
841 2169 981 2252 spoliare
1014 2170 1129 2254 possit,

84 2270 107 2317 ιο
125 2275 232 2318 nonne
258 2253 381 2319 faciat?
425 2253 515 2320 Haec
547 2256 587 2320 ad
619 2255 823 2320 iudicandum
856 2261 931 2320 sunt
962 2257 1135 2323 facillima.-

125 2341 225 2426 Nam,
249 2341 277 2406 11
295 2342 373 2426 quid
391 2342 432 2406 ab
454 2342 585 2408 homine
603 2344 644 2408 ad
661 2344 787 2408 nullam
805 2348 932 2428 partem
949 2344 1024 2408 utili
1042 2345 1131 2409 utili·

125 2429 205 2495 tatis
227 2433 303 2494 tuac
326 2452 423 2495 eausa
446 2430 635 2515 detraxeris,
662 2431 837 2496 inhumane
863 2431 978 2496 feceris
1002 2436 1129 2498 eontra-

126 2540 188 2603 que
210 2521 347 2583 naturae
370 2519 489 2605 legem3
512 2518 564 2583 sin
586 2524 695 2584 autem
717 2519 746 2583 is
769 2519 888 2603 tusis,
912 2519 1130 2603 qui-multam

125 2607 304 2672 utilitatem
326 2606 374 2670 rei
396 2607 545 2691 publicae
564 2611 661 2691 atque
680 2604 848 2672 hominum
867 2608 1028 2692 societati,
1049 2608 1078 2672 11
1095 2609 1130 2674 in

125 2695 393 2777 111111111111111,
417 2694 542 2759 adferre
559 2695 679 2778 possis,
704 2695 732 2759 si
751 2695 828 2778 quid
846 2696 888 2759 ob
907 2717 979 2760 eam
997 2714 1130 2761 causam

127 2783 229 2847 alteri
246 2782 436 2860 detraxeris,
458 2803 525 2847 non
542 2783 586 2846 111
603 2783 908 2866 reprehendendum.
945 2781 1001 2847 sin
1020 2788 1130 2849 autem

125 2870 159 2934 id
180 2891 247 2934 non
273 2871 317 2934 sit
340 2870 408 2934 eius
432 2869 532 2953 modi,
562 2891 656 2935 suum
679 2870 792 2954 cuique
819 2870 1060 2937 incommodum
1086 2872 1131 2936 fe-

126 2957 261 3021 rendum
284 2961 335 3022 est
356 2957 465 3041 potius
490 2979 587 3041 quam
610 2958 648 3023 de
672 2958 806 3023 alterius
829 2958 1007 3024 commodis
1026 2959 1132 3025 detra·

126 3042 276 3107 hendum.
315 3043 390 3109 Non
413 3045 515 3130 igitur
537 3046 643 3131 magis
666 3049 716 3110 est
739 3049 852 3111 eontra
873 3050 1025 3112 naturam
1048 3070 1133 3114 mor·

127 3130 188 3194 bus
217 3134 274 3195 aut
301 3135 429 3216 egestas
457 3136 513 3197 aut
541 3134 618 3216 quid
645 3133 713 3198 eius
740 3134 829 3199 modi
851 3155 949 3217 quam
973 3134 1133 3202 detractio

128 3221 225 3301 atque
239 3219 396 3302 appetitio
411 3220 518 3305 alieni,
532 3221 588 3286 sed
602 3222 780 3286 communis
794 3222 949 3287 utilitatis
964 3222 1132 3290 derelictio

84 3319 108 3367 11
128 3309 242 3370 contra
258 3308 410 3372 naturam
429 3311 492 3391 est3
515 3313 565 3373 est
584 3309 670 3374 enim
687 3309 817 3375 iniusta.
853 3310 969 3395 Itaque
987 3310 1041 3376 lex
1058 3312 1133 3397 ipsa

122 3397 275 3477 naturae,
304 3415 385 3479 quae
412 3395 591 3462 utilitatem
617 3397 786 3462 hominum
809 3402 980 3464 conservat
1003 3403 1036 3464 et
1060 3422 1133 3466 con·

109 3480 208 3567 tinet,
239 3483 395 3552 decernet
421 3485 592 3576 profecto,
617 3490 657 3555 ut
683 3485 726 3552 ah
749 3485 888 3552 homme
908 3486 1013 3549 inerti
1034 3492 1135 3570 atoue
