2476 3848
541 153 781 216 -408-

158 337 374 400 moereamus,
392 314 447 380 sed
465 319 502 380 ut
520 335 704 398 numquam.
740 311 853 398 Neque
871 313 966 397 enim,
984 313 1040 398 qui
1058 334 1172 380 rerum
1202 336 1205 341 ·

158 410 327 487 naturam,
368 403 424 487 qui
459 402 546 467 vitae
582 401 789 484 varietatem,
825 401 883 485 qui
919 401 1173 467 inbecillitatem

159 495 285 579 generis
316 490 449 557 humani
481 489 621 573 cogitat,
652 491 786 571 maeret,
819 510 892 552 cum
922 487 1002 554 haec
1034 490 1175 575 cogitat,

160 581 215 646 sed
253 584 323 645 tum
359 580 410 643 vel
447 578 586 642 maxime
623 575 802 661 sapientiae
844 576 991 660 fungitur
1026 599 1172 644 munere.

159 668 339 753 Utrumque
358 666 444 730 enim
463 666 680 749 consequitur,
703 668 791 728 utet
811 663 1047 730 considerandis
1069 667 1172 731 rebus

158 755 309 821 humanis
337 753 469 837 proprio
501 752 728 836 philosophiae
758 752 884 816 fruatur
916 753 1022 817 officio
1050 756 1084 819 et
1115 754 1171 819 ad·

159 845 260 909 versis
288 842 416 907 casibus
448 840 570 925 triplici
602 840 821 905 consolatione
854 844 996 919 sanetur,
1025 842 1171 925 primum

159 931 243 1016 quod
266 952 362 1013 posse
386 928 527 992 accidere
549 927 604 992 diu
627 928 796 1011 cogitavit,
820 949 901 1012 quae
922 929 1078 1013 cogitatio
1103 953 1172 995 una

159 1019 297 1082 maxime
329 1017 496 1080 molestias
529 1016 632 1080 omnis
665 1019 817 1080 extenuat
849 1019 881 1079 et
911 1015 1019 1098 diluit,
1052 1016 1170 1080 deinde

159 1105 245 1190 quod
279 1105 423 1168 humana
461 1103 594 1168 tamone
628 1103 761 1168 ferenda
795 1103 966 1187 intellegit,
1001 1107 1170 1188 postremo

159 1193 243 1278 quod
271 1192 360 1257 videt
386 1191 509 1256 malum
535 1191 660 1254 nullum
688 1212 757 1256 esse
780 1189 845 1254 nisi
869 1191 1010 1275 culpam,
1038 1191 1171 1275 culpam

159 1285 267 1346 autem
297 1280 420 1344 nullam
452 1298 537 1362 esse,
569 1299 640 1342 cum
672 1276 719 1361 id,
752 1277 836 1362 quod
868 1278 910 1342 ab
942 1276 1074 1343 homine
1101 1301 1171 1345 non

108 1391 141 1439 35
160 1368 303 1454 potuerit
320 1367 494 1451 praestari,
513 1365 662 1431 evenerit
698 1363 784 1430 Nam
802 1366 964 1430 revocatio
983 1366 1050 1450 illa,
1069 1388 1170 1451 quam

160 1457 277 1541 adfert,
299 1477 373 1520 cum
396 1477 416 1520 a
438 1454 627 1520 contuendis
645 1471 705 1518 nos
726 1454 820 1518 malis
845 1457 972 1537 avocat,
994 1455 1085 1519 nulla
1109 1460 1168 1520 est.

159 1545 235 1610 Non
266 1547 317 1609 est
348 1543 434 1608 enim
465 1543 499 1607 in
531 1546 644 1607 nostra
678 1545 839 1626 potestate
875 1542 1093 1609 fodicantibus
1125 1544 1167 1608 iis

157 1634 267 1714 rebus,
299 1653 379 1716 quas
410 1631 514 1695 malas
548 1653 616 1695 esse
649 1630 828 1715 opinemur,
867 1630 1084 1696 dissimulatio
1116 1633 1168 1696 vel

159 1720 293 1802 oblivi03
325 1720 480 1802 lacerant,
512 1722 643 1801 vexant,
675 1719 824 1783 stimulos
857 1718 1044 1801 admovent,
1080 1719 1166 1802 ignis

159 1807 326 1888 adhibent,
348 1807 507 1889 respirare
529 1828 595 1870 non
618 1805 737 1870 sinunt.
774 1803 819 1868 Et
841 1810 877 1871 tu
896 1806 1043 1871 oblivisci
1066 1806 1168 1890 iubos,

159 1895 244 1979 quod
267 1898 381 1957 contra
403 1897 554 1957 naturam
579 1895 644 1974 cst,
671 1893 738 1975 qui,
766 1895 847 1974 qaod
872 1915 891 1957 a
916 1898 1033 1957 natura
1055 1894 1165 1958 datum

159 1985 221 2064 est,
245 1981 400 2044 auxilium
419 1984 608 2062 extorqueas
627 1979 797 2060 inveterati
818 1981 960 2045 doloris?
997 1981 1058 2045 Est
1081 1983 1165 2046 enim

158 2068 253 2132 tarda
275 2069 336 2131 illa·
354 2066 483 2149 quidem
506 2067 676 2150 medicina,
700 2067 755 2131 sed
777 2071 887 2132 tamen
911 2090 1042 2153 magna,
1067 2091 1164 2154 quam

158 2155 264 2219 adfert
286 2154 507 2238 longinquitas
531 2158 565 2219 et
587 2155 663 2218 dies.
707 2153 804 2220 Iubes
826 2177 878 2220 me
905 2156 992 2220 bona
1013 2158 1165 2241 cogitare,

158 2242 306 2307 oblivisci
329 2243 498 2307 malorum.
534 2240 664 2307 Diceres
684 2243 820 2326 aliquid,
844 2247 877 2307 et
894 2265 1012 2328 magno
1035 2244 1165 2328 quidem

157 2329 352 2414 philosopho
384 2329 530 2414 dignum,
563 2331 591 2395 si
623 2352 662 2394 ea
689 2331 776 2395 bona
803 2344 872 2395 csse
902 2331 1051 2414 sentires,
1083 2352 1166 2416 quae

158 2422 267 2482 essent
288 2417 420 2482 homine
443 2418 641 2502 dignissima.
699 2434 700 2438 ’
1051 2434 1062 2441 ··

106 2483 147 2546 1⁷
176 2526 177 2530 ’
225 2503 428 2590 Pythagoras
448 2505 528 2569 mihi
547 2506 575 2570 si
593 2504 714 2571 diceret
738 2510 795 2571 aut
812 2504 960 2571 Socrates
984 2510 1042 2572 aut
1058 2506 1165 2573 Plato:

104 2561 139 2611 36
159 2593 264 2670 ‘Quid
281 2595 366 2658 iaces
386 2596 443 2657 aut
464 2593 541 2677 quid
559 2615 682 2657 maeres
702 2598 758 2658 aut
779 2615 836 2658 cur
859 2594 1041 2660 succumbis
1064 2595 1166 2661 cedis-

158 2704 219 2767 que
241 2680 415 2747 fortunae‘?
444 2702 525 2765 quae
548 2682 727 2764 pervellere
749 2684 782 2745 te
804 2681 945 2747 forsitan
966 2683 1112 2766 potuerit
1133 2688 1167 2748 et

157 2792 313 2855 pungere,
334 2790 399 2832 non
423 2769 530 2851 potuit
553 2772 638 2834 certe
662 2770 747 2834 vires
770 2769 929 2854 frangere.
972 2768 1093 2854 Magna
1115 2770 1165 2835 vis

158 2863 208 2923 est
234 2861 269 2923 in
298 2858 485 2939 virtutibus;
513 2877 567 2921 eas
592 2858 709 2940 excita,
738 2857 765 2920 si
787 2856 872 2921 forte
895 2857 1071 2942 dormiunt3
1099 2858 1166 2923 iam

157 2946 219 3010 tibi
247 2946 350 3009 aderit
376 2944 526 3028 princeps
553 2944 725 3029 fortitudo,
757 2965 838 3028 quae
869 2948 902 3008 tc
935 2945 1043 3010 animo
1073 2948 1166 3011 tanto

65 3087 69 3094 .
158 3054 226 3097 esse
254 3037 361 3117 coget,
389 3037 426 3096 ut
453 3032 575 3114 omnia,
608 3053 690 3116 quae
720 3032 846 3116 possint
873 3030 999 3097 homini
1031 3033 1168 3117 evenire,

157 3122 344 3184 contemnas
377 3123 410 3182 et
440 3142 500 3204 pro
532 3120 635 3185 nihilo
668 3125 776 3204 putcs;
809 3120 912 3185 aderit
942 3121 1167 3205 temperantia,

158 3227 239 3289 quae
268 3210 318 3269 est
345 3206 457 3271 eadem
480 3208 672 3291 moderatio,
702 3229 795 3272 ame
819 3209 948 3293 quidem
970 3209 1069 3293 paulo
1084 3213 1167 3274 ante

157 3293 321 3376 appellata
338 3293 518 3378 frugalitas,
537 3313 618 3378 quae
636 3299 670 3359 te
687 3296 827 3378 turpiter
845 3299 878 3360 et
894 3297 1043 3381 nequiter
1060 3298 1168 3363 facere

155 3379 240 3446 nihil
268 3379 418 3465 patietur.
468 3381 553 3458 Quid
579 3385 630 3448 est
657 3386 765 3447 autam
790 3384 927 3468 nequius
954 3389 1019 3450 aut
1040 3386 1168 3469 turpius

155 3469 349 3534 ecfeminato
381 3467 473 3533 viro?
525 3467 575 3534 Ne
607 3469 734 3535 iustitia
765 3471 894 3555 quidem
924 3472 1008 3545 sinet
1038 3477 1071 3538 ts
1102 3473 1170 3540 ista
