2476 3848
483 168 724 234 -369-

161 339 205 397 M.
229 333 315 397 Bene
342 333 561 417 reprehendis,
590 337 621 398 et
650 353 683 398 se
710 337 773 398 isto
796 334 890 398 modo
914 355 965 397 res
990 334 1097 398 habet.

95 418 270 485 Credamus
293 421 394 506 igitur
415 421 570 486 Panaetio
594 445 614 486 a
633 420 770 486 Platone
793 442 851 487 suo
874 421 1100 509 dissentienti?
1117 427 1149 474 ⁷⁹

95 508 197 585 Quem
220 509 305 573 enim
328 509 479 574 omnibus
502 509 581 575 locis
602 509 760 588 divinum,
783 530 878 593 quem
900 509 1096 593 sapientissi-

95 619 197 679 mum,
229 619 322 680 quem
360 598 611 680 sanctissimum,
650 617 744 681 quem
780 596 957 662 Homerum
992 596 1097 681 philo·

96 684 269 767 sophorum
298 685 454 769 appellat,
481 686 574 750 huius
603 684 686 750 hano
714 707 810 749 unam
837 685 1029 750 sententiam
1058 685 1096 750 de

95 773 329 838 inmortalitate
370 773 551 839 animorum
586 794 654 838 non
692 773 817 856 probat
881 772 962 838 Volt
1003 774 1097 850 enim,

96 859 181 943 quod
203 882 297 926 nemo
319 865 431 944 negat,
455 861 606 946 quicquid
627 865 739 925 natum
762 861 819 945 sit,
841 861 984 943 interire3
1007 862 1096 926 nasci

96 951 203 1011 autem
231 949 370 1031 animos,
400 950 484 1032 quod
511 949 651 1013 declaret
678 970 787 1013 eorum
819 949 1010 1030 similitudo,
1042 950 1097 1032 qui

95 1041 316 1119 procreentur,
347 1059 428 1120 quae
460 1038 558 1101 etiam
589 1038 624 1101 in
655 1036 805 1121 ingeniis,
836 1058 902 1102 non
930 1037 1034 1101 solum
1063 1038 1097 1101 in

95 1123 282 1206 corporibus
306 1129 468 1209 appareat.
507 1126 652 1190 Alteram
674 1127 782 1188 autem
805 1123 909 1189 adfert
930 1125 1097 1208 rationem,

94 1211 176 1275 nihil
200 1233 284 1294 esse,
307 1212 392 1297 quod
415 1211 535 1297 doleat,
565 1213 643 1296 quin
665 1210 699 1276 id
722 1231 854 1295 aegrum
878 1234 948 1277 esse
971 1234 1097 1297 quoque

94 1300 211 1382 possit,
235 1301 319 1382 quod
337 1303 445 1365 autem
468 1301 502 1365 in
520 1301 667 1366 morbum
686 1299 792 1380 cadat,
816 1300 848 1364 id
870 1299 967 1364 etiam
989 1301 1096 1366 interi-

94 1391 214 1472 turum3
251 1388 359 1453 dolere
391 1392 498 1453 autem
535 1389 672 1469 animos,
708 1405 785 1470 ergo
823 1387 921 1451 etiam
957 1388 1148 1500 interire33

94 1474 183 1541 Haec
210 1475 312 1540 refelli
340 1480 489 1560 possunt,
519 1480 593 1541 sunt
620 1475 704 1539 enim
732 1474 927 1557 ignorantis,
956 1497 1027 1539 cum
1057 1476 1096 1541 de
1114 1511 1148 1562 30

95 1565 285 1629 aeternitate
317 1564 495 1629 animorum
528 1564 666 1645 dicatur,
697 1561 735 1625 de
766 1564 873 1625 mente
906 1561 980 1645 dici,
1014 1585 1095 1646 quae

94 1652 181 1715 omni
213 1651 343 1717 turbido
375 1655 466 1717 motu
499 1673 623 1734 semper
649 1653 752 1725 vacet,
784 1670 849 1714 non
881 1650 918 1714 de
947 1651 1094 1733 partibus

93 1739 147 1822 iis,
175 1741 210 1803 in
237 1741 351 1823 quibus
375 1740 605 1826 aegritudines,
635 1739 701 1802 irae
728 1736 941 1822 libidinesque
967 1758 1095 1803 versen-

92 1831 158 1910 tur,
185 1850 264 1912 quas
291 1829 332 1912 is,
361 1833 473 1893 contra
495 1848 590 1912 quem
612 1826 690 1890 haec
717 1824 878 1908 dicuntur,
908 1829 1047 1890 semotas
1076 1848 1095 1890 a
1140 1873 1144 1882 .

93 1921 199 1979 mente
228 1920 261 1981 et
288 1917 444 1982 disclusas
471 1918 573 1999 putat.
617 1913 687 1978 lam
711 1911 886 1978 similitudo
912 1913 1017 1998 magis
1041 1936 1094 1997 ap-

92 2008 185 2086 paret
207 2004 241 2067 in
263 2005 388 2088 bestiis,
412 2025 546 2088 quarum
566 2001 664 2073 animi
684 2004 759 2065 sunt
776 2001 912 2066 rationis
935 2006 1094 2085 expertes,

93 2090 260 2155 hominum
282 2097 389 2156 antem
413 2091 590 2156 similitudo
613 2090 649 2154 in
672 2110 841 2172 corporum
864 2089 967 2174 figura
989 2092 1093 2175 magis

94 2180 212 2260 exstat,
240 2182 273 2241 et
299 2180 362 2261 ipsi
390 2180 489 2244 animi
517 2180 625 2262 magni
652 2177 752 2241 refert
784 2178 871 2261 quali
898 2179 932 2242 in
962 2200 1094 2262 corpore

93 2264 190 2328 locati
222 2266 294 2331 sint
347 2266 452 2331 Multa
484 2267 570 2330 enim
602 2286 619 2328 e
652 2286 783 2347 corpore
818 2267 977 2349 existunt,
1013 2288 1093 2351 quae

94 2355 210 2416 acuant
232 2358 386 2438 mentem,
413 2355 528 2437 multa,
556 2373 636 2438 quae
664 2352 852 2420 obtundant.
900 2354 1093 2418 Aristoteles

94 2439 223 2524 quidem
250 2442 297 2505 ait
323 2443 427 2507 omnis
455 2441 641 2527 ingeniosos
669 2440 916 2506 melancholicos
943 2462 1026 2522 esse,
1058 2446 1094 2505 ut

93 2548 153 2612 ego
178 2551 230 2592 me
252 2530 427 2595 tardiorem
446 2549 598 2594 essenon
616 2527 751 2592 moleste
774 2528 882 2592 feram.
918 2528 1094 2604 Enumerat

92 2617 226 2700 multos,
254 2617 349 2702 idque
377 2618 467 2702 quasi
495 2618 633 2697 constet,
664 2615 836 2696 rationem,
868 2637 923 2678 cur
950 2616 997 2679 ita
1028 2616 1093 2699 fiat,

93 2705 205 2768 adfert.
254 2705 375 2782 Quodsi
402 2710 494 2770 tauta
522 2703 570 2767 vis
598 2705 647 2766 est
674 2701 713 2765 ad
743 2701 889 2766 habitum
915 2704 1032 2766 mentis
1059 2703 1092 2766 in

92 2791 146 2871 iic,
171 2813 251 2874 quae
274 2794 451 2876 gignuntur
472 2791 507 2855 in
529 2811 661 2872 corpore
685 2786 738 2874 (ea
761 2794 837 2854 sunt
855 2793 975 2873 autem,
998 2811 1092 2874 quae-

91 2898 225 2961 cumque
244 2886 327 2962 suut,
346 2902 427 2963 quae
441 2876 683 2943 similitudinem
702 2875 845 2961 faciant),
862 2878 944 2942 nihil
952 2880 1092 2943 uecessi-

91 2965 168 3027 tatis
193 2965 310 3046 adfert,
333 2987 389 3030 our
410 2968 583 3030 nascantur
606 2965 717 3047 animi,
741 2965 924 3030 similitudo.
968 2965 1090 3032 Omitto
1110 2986 1141 3035 81

91 3051 375 3116 dissimilitudines.
407 3052 532 3117 Vellem
552 3051 661 3117 adesse
680 3057 791 3135 posset
806 3053 979 3119 Panaetius
998 3051 1093 3140 (vixit

91 3162 165 3204 cum
182 3138 364 3226 Africano);
383 3161 568 3224 quaererem
588 3161 625 3203 ex
644 3161 696 3222 co,
719 3142 809 3206 cuius
830 3164 958 3208 suorum
977 3143 1091 3208 similis

90 3227 204 3293 fuisset
231 3227 375 3292 Africani
401 3227 512 3292 fratris
538 3249 652 3312 nepos,
679 3228 763 3295 facie
795 3231 845 3295 rel
875 3232 991 3315 patris,
1024 3235 1093 3298 vita

92 3318 233 3383 omnium
256 3317 453 3402 perditorum
471 3316 518 3381 ita
536 3317 665 3401 similis,
688 3322 724 3382 ut
742 3322 828 3384 esset
847 3318 942 3384 facile
961 3319 1080 3387 deterri

90 3428 175 3490 mus;
203 3405 292 3471 cuius
320 3406 417 3472 etiam
446 3405 559 3470 similis
592 3403 625 3469 P.
653 3402 776 3489 Crassi,
809 3411 841 3471 et
872 3407 1027 3490 sapientis

91 3493 267 3577 eloquentis
308 3499 340 3560 et
379 3495 474 3579 primi
515 3494 670 3574 hominis,
711 3515 811 3577 nepos
853 3495 1052 3581 multorumq

160 3606 340 3658 wetbertus,
355 3605 400 3649 OEtt.
413 3603 528 3657 otttclcrt.
543 3604 655 3658 &actitem
913 3597 955 3645 ‘ld
