2476 3848
490 183 732 251 -323-

107 346 331 431 cupiditatem,
360 345 395 411 in
421 344 555 430 optimis
582 345 762 430 quibusque
789 344 922 413 honoris
950 351 1114 414 certamen

107 438 140 499 et
172 433 310 519 gloriae3
342 454 381 498 ex
412 454 475 516 quo
502 433 689 498 inimicitias
717 433 874 499 maximas
903 456 998 520 saepe
1026 436 1112 500 inter

107 521 320 586 amicissimos
349 520 524 586 exstitisse(
565 521 685 606 Magna
713 522 812 586 etiam
835 522 968 588 discidia
992 526 1024 588 et
1046 524 1112 607 ple
1130 542 1164 592 eo

106 631 241 693 rumque
254 608 342 674 iusta
354 609 453 693 nasci,
471 631 544 674 cum
559 609 681 693 aliquid
695 610 736 674 ab
751 610 872 694 amicis,
889 610 974 694 quod
987 614 1112 678 rectum

66 763 68 766 Α
106 720 172 763 non
195 700 294 781 esset,
321 696 556 781 postularetur,
584 700 622 762 ut
644 701 701 763 aut
723 697 867 762 libidinis
890 698 1033 762 ministri
1056 703 1112 764 aut

107 785 270 851 adiutores
303 789 412 849 essent
444 785 485 850 ad
515 785 681 869 iniuriam3
714 785 799 869 quod
831 786 886 869 qui
917 790 1112 871 recusarent,

107 873 255 957 quamvis
277 873 413 937 honeste
435 872 469 937 id
490 872 647 955 facerent,
670 872 720 936 ius
743 876 855 937 tamen
876 874 1038 939 amicitiae
1062 875 1112 939 de-

107 983 212 1026 serere
230 963 443 1060 arguerentur
461 960 542 1024 ab''
521 983 561 1024 ns
561 922 705 1061 ,quibus
720 960 855 1044 obsequi
867 962 1001 1026 nollent.
1031 962 1112 1027 Illos
1228 983 1232 993 ·

107 1053 225 1127 autem,
244 1070 300 1149 qm
290 1047 444 1131 quidvis
464 1048 505 1112 ab
522 1048 625 1112 amico
640 1047 795 1113 auderent
808 1049 984 1134 postulare,
1002 1056 1112 1136 postu-

106 1136 261 1201 latione
251 1156 324 1220 1psa
345 1135 493 1221 profiteri
515 1136 624 1201 omnia
642 1157 676 1199 se
695 1135 790 1201 amici
808 1158 905 1202 causa
923 1160 994 1203 esse
1011 1138 1112 1203 factu·

106 1246 170 1289 ros.
214 1222 338 1289 Eorum
366 1224 497 1307 querela
522 1223 704 1289 inveterata
729 1245 797 1288 non
822 1225 918 1290 modo
945 1225 1112 1291 familiari-

107 1317 192 1377 tates
211 1311 374 1396 exstingui
392 1311 504 1394 solere,
523 1311 579 1375 sed
597 1311 670 1375 odia
688 1311 788 1375 etiam
802 1312 901 1412 gigni
908 1313 1111 1397 sempiterna

107 1400 197 1464 Haec
209 1399 257 1463 ita
271 1399 376 1463 multa
390 1420 482 1482 quas1
473 1397 566 1462 fata
578 1398 750 1498 inpendere
769 1399 929 1483 amicitiis,
947 1404 984 1462 ιιι
947 1400 1112 1464 oumnia

108 1486 331 1571 subterfugere
349 1506 416 1550 non
432 1486 529 1551 modo
548 1486 734 1570 sapientiae,
753 1486 809 1549 sed
827 1449 929 1550 atiani
943 1486 1111 1551 felicitatis

112 1576 231 1640 diceret
255 1574 318 1638 sibi
339 1573 450 1639 videri.

173 1662 278 1738 Quam
296 1662 338 1726 ob
360 1683 430 1726 rem
447 1661 481 1725 id
498 1660 639 1744 primum
657 1660 832 1743 videamus,
855 1661 883 1724 si
900 1662 1016 1745 placet,
1036 1646 1163 1769 qua-13}

107 1756 201 1816 tenus
225 1771 316 1815 amor
338 1749 374 1813 in
395 1748 541 1813 amicitia
567 1748 718 1832 progredi
746 1748 870 1812 debeat.
914 1746 1056 1827 Numne,
1083 1749 1111 1812 si

108 1838 298 1904 Coriolanus
320 1837 436 1900 habuit
455 1836 589 1919 amicos,
610 1834 694 1899 ferre
717 1839 830 1901 contra
852 1835 994 1919 patriam
1021 1858 1112 1901 arma

106 1927 157 1990 illi
179 1949 252 1991 cum
270 1923 445 1990 Coriolano
469 1923 669 1987 debuerrmt?
691 1945 770 1987 num
791 1922 993 1988 Vecellinum
1016 1924 1111 1990 amici

107 2035 243 2100 regnum
267 2012 481 2097 adpetentem,
502 2033 581 2075 num
603 2009 697 2075 Mael
689 2034 756 2075 rum
779 2011 957 2076 debuerimt
978 2012 1112 2077 iuvare?

108 2101 178 2165 Tib
214 2101 343 2184 quidem
376 2098 557 2165 Gracchum
587 2119 656 2163 rem
690 2099 856 2200 publicam
887 2104 1059 2165 vexantem
1092 2118 1163 2167 aas

109 2187 145 2264 Q
167 2187 336 2252 Tuberone
359 2188 610 2271 aequalibusque
634 2187 745 2251 amicis
773 2187 961 2253 derelictum
983 2188 1111 2254 rideba-

109 2297 189 2339 mus.
220 2274 267 2338 At
281 2274 316 2340 (ι.
329 2273 477 2339 Blossius
493 2273 664 2357 Cumanus,
682 2274 800 2358 hospes
818 2275 962 2340 familiae
976 2299 1032 2341 ves
1033 2280 1112 2360 trae,

108 2362 272 2446 Scaevola,
291 2384 388 2446 quom
407 2362 522 2446 adme,
536 2363 621 2446 quod
636 2360 766 2426 aderam
780 2361 915 2428 Laenati
933 2367 966 2427 et
979 2363 1111 2448 Rupilio

108 2450 295 2517 consulibus
317 2449 353 2513 in
374 2450 522 2535 consilio,
550 2449 756 2534 deprecatum
777 2450 932 2535 venisset,
954 2450 1052 2532 hanc,
1074 2454 1112 2514 ut

108 2539 171 2603 sibi
197 2538 411 2623 ignoscerem,
443 2559 572 2604 causam
605 2537 784 2621 adferebat,
817 2537 902 2620 quod
928 2538 1013 2600 tanti
1040 2537 1110 2602 Tib

107 2626 289 2692 Gracchum
306 2626 445 2710 fecisset,
468 2628 515 2709 ut,
537 2624 692 2709 quidquid
709 2624 766 2688 ille
784 2624 893 2707 vellet,
914 2624 977 2687 sibi
994 2624 1111 2687 facien-

107 2714 184 2778 dum
206 2718 345 2799 putaret
391 2713 473 2778 Tum
496 2734 571 2798 ego
594 2711 801 2795 Etramne,
825 2711 978 2775 s1te1n
1001 2710 1111 2794 Capi-

107 2802 245 2866 tolium
267 2801 373 2867 faces
395 2800 497 2865 ferre
519 2799 678 2865 vellet?'
721 2796 974 2882 Numquam',
996 2798 1110 2899 inquit,

108 2887 315 2953 voluisset
337 2889 375 2952 id
398 2887 561 2972 quidem,
588 2887 653 2953 sed
680 2887 713 2950 si
735 2887 940 2969 voluisset,
962 2886 1110 2986 paruis·

108 2974 205 3040 sem?
236 2974 344 3040 Videt
320 2980 373 3059 trs,
391 2997 488 3060 quam
505 2974 630 3039 nefaria
647 2976 723 3039 vox!
758 2973 804 3037 Ει
822 2935 995 3037 herculbt
968 2977 995 3036 ιι
997 2996 1016 3037 a
1033 2973 1110 3038 fecit

107 3064 159 3128 vel
182 3063 256 3147 plus
279 3063 386 3146 etiam,
409 3085 506 3146 quam
530 3062 624 3145 dixit3
650 3083 717 3126 non
744 3061 828 3125 enim
855 3060 965 3145 paruit
987 3061 1043 3125 ille
1062 3061 1109 3126 Ti.

65 3223 67 3228 ,
107 3150 246 3217 Gracchi
267 3151 453 3234 temeritati,
476 3149 532 3214 sed
550 3149 699 3233 praefuit,
721 3171 780 3214 nec
799 3171 833 3214 se
853 3149 1004 3214 comitem
1021 3149 1110 3215 illius

105 3239 235 3324 furoris,
253 3238 309 3302 sed
327 3238 439 3304 ducem
457 3237 614 3322 praebuit.
646 3235 761 3320 Itaque
779 3237 840 3302 hac
859 3237 1001 3303 amentia
1017 3259 1111 3320 quae

107 3328 212 3392 stione
233 3348 320 3393 nova
341 3325 565 3425 perterritus
555 3347 590 3388 ιιι
612 3324 727 3389 Asiam
749 3324 911 3410 profugit,
934 3325 976 3390 ad
997 3325 1074 3390 host
1059 3329 1110 3391 tes

106 3436 140 3478 se
163 3413 311 3498 contulit,
333 3434 471 3512 poenas
476 3411 524 3475 rei
546 3412 694 3496 publicae
718 3433 833 3497 graves
853 3413 1020 3514 iustasque
1040 3434 1123 3505 per·

106 3502 213 3571 solvit.
257 3500 359 3566 Nulla
385 3498 471 3565 est
461 3499 523 3586 rgit
524 3522 563 3565 ur
590 3501 753 3566 excusatio
782 3501 922 3586 peccati,
954 3501 982 3567 si
1014 3498 1113 3589 amici

897 3600 953 3659 ‘N‘
