2476 3848
472 165 623 231 -489
672 202 714 212 -

91 322 126 388 si
150 324 279 407 quidem
300 347 361 390 nos
378 347 446 390 non
463 325 556 409 quasi
570 324 692 390 Graece
710 325 896 409 loquentem
915 323 1090 388 audiamus.
1156 355 1157 358 ¹

90 409 195 476 Docet
217 411 302 476 idem
326 413 390 477 alio
413 413 497 478 loco:

181 533 403 619 Graiugena
425 535 468 599 de
490 536 590 599 istoc
613 536 739 619 aperit
761 536 846 620 ipsa
869 533 1002 599 oratio.

92 655 154 720 Sed
177 656 217 720 ad
240 655 363 720 maiora
384 656 560 721 redeamus,
599 655 650 721 Ex
673 657 802 722 aethere
824 656 926 742 igitur
947 656 1090 720 innume·
1109 666 1142 714 92

91 744 210 808 rabiles
238 743 386 807 flammae
415 744 555 809 siderum
577 744 750 828 exsistunt,
776 765 912 829 quorum
935 745 985 807 est
1006 742 1091 826 prin-

92 853 167 915 ceps
200 831 249 895 sol
282 831 389 895 omnia
421 831 601 896 clarissima
629 832 700 897 luce
729 833 947 915 conlustrans,
978 829 1090 922 multis

90 918 239 1002 partibus
269 919 373 983 maior
403 922 499 1002 atque
529 919 668 1002 amplior
695 941 793 1003 quam
819 922 907 984 terra
933 918 1091 999 universa,

92 1005 204 1069 deinde
227 1006 351 1088 reliqua
369 1004 475 1070 sidera
492 1007 766 1091 magnitudinibus
784 1007 948 1071 inmensis.
983 1006 1091 1088 Atque

91 1093 126 1157 hi
153 1093 238 1157 tanti
265 1094 357 1178 ignes
385 1097 515 1177 tamque
542 1095 639 1158 multi
665 1117 731 1159 non
753 1095 849 1160 modo
871 1094 953 1158 nihil
975 1096 1093 1157 nocent

92 1181 187 1245 terris
211 1180 370 1264 rebusque
397 1181 619 1265 terrestribus,
651 1183 706 1245 sed
732 1182 782 1246 ita
807 1185 956 1266 prosunt,
987 1183 1037 1264 ut,
1064 1179 1093 1244 si

92 1273 182 1333 mota
203 1268 275 1332 loco
299 1268 373 1351 sint,
395 1268 593 1354 conflagrare
614 1270 717 1333 terras
740 1290 870 1333 necesse
894 1270 938 1332 sit
955 1290 975 1332 a
992 1267 1092 1332 tantis

92 1356 259 1420 ardoribus
283 1356 502 1420 moderatione
525 1357 813 1438 attemperatione
836 1355 973 1420 sublata.

156 1459 219 1525 Hic
242 1481 302 1546 ego
324 1482 391 1525 non
413 1460 512 1524 mirer
535 1481 603 1524 esse
627 1482 833 1544 quemquam,
861 1460 916 1543 qui
938 1459 1002 1523 eibi
1022 1482 1092 1544 per·
1111 1496 1144 1544 93

93 1549 226 1612 suadeat
250 1570 385 1633 corpora
408 1547 565 1631 quaedam
589 1547 691 1611 solida
714 1551 810 1631 atque
828 1546 993 1611 individua
1009 1549 1043 1612 vi
1061 1552 1094 1612 et

93 1636 255 1721 gravitate
272 1635 360 1719 ferri,
377 1634 594 1718 mundumque
613 1634 697 1699 effici
715 1634 956 1699 ornatissimum
975 1637 1008 1698 et
1025 1636 1094 1719 pul·

93 1723 287 1788 cherrimum
315 1745 353 1788 ex
381 1745 491 1787 eorum
514 1743 684 1807 corporum
708 1722 914 1788 concursione
934 1722 1093 1787 fortuita?

92 1811 163 1876 Hoc
191 1812 246 1894 qui
274 1810 437 1875 existimat
463 1809 534 1873 fieri
560 1810 718 1894 potuisse,
750 1831 816 1875 non
837 1809 1006 1894 intellego,
1038 1832 1094 1876 cur

92 1921 159 1963 non
180 1899 266 1962 idem
288 1902 390 1982 putet,
414 1898 442 1962 si
463 1897 714 1963 innumerabiles
731 1898 826 1963 unius
845 1900 877 1962 et
895 1897 1013 1983 viginti
1030 1898 1099 1976 for-7

93 2008 164 2050 mae
188 1987 371 2050 litterarum
393 1986 446 2051 vel
470 2007 584 2050 aureae
606 1986 658 2050 vel
682 1985 876 2069 qualeslibet
900 1986 1008 2070 aliquo
1032 1986 1093 2051 coi·

93 2075 228 2156 cientur,
251 2095 347 2156 posse
371 2095 409 2137 ex
427 2073 467 2137 iis
486 2073 521 2137 in
538 2077 659 2137 terram
677 2073 817 2138 excussis
836 2075 968 2138 annales
985 2073 1093 2159 Ennii,

92 2164 129 2223 ut
152 2161 300 2243 deinceps
323 2160 391 2244 legi
413 2160 550 2244 possint,
573 2159 669 2243 effici,
692 2161 778 2244 quod
799 2161 907 2226 nescio
931 2183 974 2227 an
994 2184 1035 2227 ne
1058 2163 1093 2226 in

92 2269 156 2312 uno
181 2246 309 2331 quidem
328 2250 428 2310 “versu
449 2248 555 2331 possit
577 2251 705 2312 tanturn
728 2249 835 2313 valere
852 2249 992 2314 fortuna.
1032 2249 1093 2314 Isti
1111 2257 1145 2306 94

93 2337 201 2399 autem
225 2356 320 2418 quem
339 2333 380 2398 ad
398 2333 529 2397 modum
549 2335 739 2399 adseverant
757 2358 796 2400 ex
813 2337 1011 2420 corpusculis
1029 2359 1094 2402 non

94 2423 213 2505 calore,
240 2443 307 2485 non
336 2421 494 2505 qualitate
522 2421 644 2507 aliqua,
671 2444 769 2506 quam
794 2420 953 2506 ποιότητα
980 2423 1095 2488 Graeci

93 2512 218 2592 vocant,
241 2531 308 2574 non
326 2530 421 2573 sensu
438 2509 603 2593 praeditis,
622 2510 678 2574 sed
697 2511 960 2575 concurrentibus
973 2513 1093 2574 temere

94 2601 191 2680 atque
210 2619 286 2662 casu
304 2597 457 2661 mundum
476 2618 545 2660 esse
564 2596 751 2681 perfectum,
773 2597 826 2663 vol
842 2597 1093 2662 innumerabiles

93 2685 202 2768 potius
224 2685 260 2749 in
282 2685 369 2749 omni
392 2686 511 2768 puncto
534 2685 690 2770 temporis
714 2685 795 2749 alios
816 2684 919 2769 nasci,
943 2684 1024 2750 alios
1047 2686 1093 2750 in-

93 2773 213 2837 terire?
268 2771 389 2847 Quodsi
426 2771 580 2836 mundum
616 2772 741 2836 efficere
776 2775 885 2856 potest
921 2794 1093 2838 concursus

94 2861 290 2943 atomorum,
317 2881 373 2924 cur
394 2858 568 2945 porticum,
596 2881 652 2924 cur
674 2859 846 2945 templum,
876 2881 931 2925 cur
955 2860 1094 2941 domum,

95 2968 151 3010 our
178 2946 292 3010 urbem
318 2969 383 3011 non
409 2947 540 3031 potest?
573 2968 654 3029 quae
677 2951 753 3011 sunt
775 2947 880 3011 minus
903 2969 1038 3033 operosa
1061 2955 1094 3012 et

92 3033 196 3097 multo
225 3033 352 3117 quidem
378 3033 533 3097 faciliora.
578 3031 672 3099 Certe
699 3035 747 3098 ita
765 3039 890 3112 temere
913 3035 951 3099 de
974 3035 1092 3099 mundo

94 3121 251 3204 effutiunt,
273 3124 310 3184 ut
328 3120 409 3184 mihi
429 3120 557 3204 quidem
573 3143 749 3205 numquam
767 3121 852 3186 hunc
870 3122 1093 3189 admirabilem

94 3208 175 3273 caeli
198 3211 360 3292 ornatum,
383 3208 440 3293 qui
461 3208 551 3275 locus
575 3212 625 3274 est
647 3209 822 3294 proximus,
845 3210 1026 3295 suspexisse
1047 3212 1092 3276 vi·

93 3297 236 3360 deantur.
286 3294 456 3361 Praeclare
493 3317 570 3382 ergo
602 3295 810 3361 Aristoteles:
848 3295 903 3362 ‘si
938 3298 1092 3383 essent',
1110 3310 1144 3360 95

92 3383 208 3467 inquit,
232 3382 313 3466 ‘qui
336 3384 405 3447 sub
427 3387 534 3448 terra
556 3405 705 3467 semper
722 3384 1012 3450 habitavissent
1029 3386 1092 3450 bo-

91 3470 151 3535 nis
182 3473 219 3535 et
245 3469 482 3536 inlustribus
511 3470 734 3557 domiciliis,
762 3494 856 3556 quae
883 3476 1013 3538 essent
1035 3493 1093 3537 or-
