2476 3848
470 156 710 222 -535-

92 317 144 380 vel
168 336 278 380 eorum
300 316 478 381 multorum
500 318 618 400 pestes,
641 336 722 398 quae
744 316 842 400 paulo
865 320 941 401 post
964 319 1091 381 seeutae
1152 389 1153 392 Ἴ

92 407 176 467 sunt.
211 402 280 468 Nee
302 424 379 467 vero
402 403 468 467 iam
490 424 562 467 meo
585 402 713 467 nomine
738 404 901 467 abstinent
924 406 966 487 et,
989 403 1091 486 eredo,

92 491 168 574 quia
195 493 309 554 nostro
337 491 471 555 consilio
499 512 536 555 ae
558 490 701 575 periculo
724 511 794 555 sese
816 491 851 554 in
872 491 931 555 illa
953 490 1022 555 vita
1045 494 1091 554 at-

92 600 153 661 que
182 578 249 642 otio
272 580 479 642 conservatos
502 581 632 663 putant,
660 579 790 664 gravius
814 578 913 643 etiam
936 578 974 641 de
996 577 1091 641 nobis

92 669 269 748 queruntur
292 668 324 728 et
347 665 517 730 amantius.
554 663 617 729 Sed
639 665 725 730 haud
747 665 842 730 facile
861 665 1005 748 dixerim,
1027 687 1091 749 eur,

92 774 165 816 eum
177 752 242 837 ipsi
255 751 396 817 discendi
410 757 467 817 aut
480 752 604 818 visendi
618 775 715 818 eausa
729 753 831 818 maria
844 753 1091 818 tramittant...

336 909 573 990 [Desideraatur
589 913 725 993 papissae
746 911 845 991 duae]
1109 969 1131 1031 4

164 1016 371 1081 ...salvam
397 1034 467 1078 esse
494 1015 663 1079 consulatu
692 1015 802 1079 abiens
829 1014 864 1078 in
886 1036 957 1079 eon·
981 1017 1021 1095 [p.
1041 1028 1125 1094 2597

90 1103 179 1168 tione
201 1104 322 1188 populo
345 1101 491 1167 Romano
513 1101 599 1166 idem
621 1102 749 1167 iurante
770 1102 974 1185 iuravissem,
996 1101 1092 1166 facile

91 1191 283 1255 iniuriarum
301 1189 445 1255 omnium
462 1210 704 1274 compensarem
722 1211 832 1254 euram
851 1193 884 1254 et
899 1190 1091 1254 molestiam.

92 1278 296 1362 Quamquam
316 1277 422 1342 nostri
440 1298 533 1341 easus
551 1277 626 1361 plus
643 1276 776 1341 honoris
794 1276 977 1340 habuerunt
996 1299 1092 1360 quam

90 1366 214 1432 laboris
249 1386 352 1450 neque
388 1368 516 1429 tantum
552 1363 735 1447 molestiae,
771 1367 927 1446 quantum
959 1364 1092 1449 gloriae,

90 1454 309 1536 maioremque
336 1451 495 1516 laetitiam
522 1472 561 1517 ex
588 1450 744 1516 desiderio
771 1450 929 1515 bonorum
951 1451 1091 1535 pereepi-

90 1562 161 1606 mus
189 1562 287 1624 quam
314 1561 353 1604 ex
379 1539 505 1603 laetitia
531 1539 753 1623 improborum
782 1537 933 1602 dolorem.
978 1535 1041 1602 Sed
1064 1539 1092 1602 si

91 1628 194 1711 aliter,
212 1631 249 1692 ut
263 1627 337 1710 dixi,
356 1626 533 1710 accidisset,
553 1626 608 1710 qui
620 1647 750 1711 possem
764 1625 876 1709 queri?
889 1622 893 1711 l
904 1647 976 1690 eum
990 1627 1029 1706 [p.
1039 1641 1091 1691 260

91 1715 172 1780 mihi
198 1714 281 1778 nihil
308 1714 473 1798 inproviso
500 1736 559 1778 nee
587 1713 731 1799 gravius,
760 1735 857 1796 quam
880 1713 1092 1797 exspectavis-

91 1824 168 1887 sem,
188 1824 247 1888 pro
267 1802 368 1866 tantis
387 1801 466 1866 meis
485 1800 581 1866 saetis
600 1801 767 1865 evenisset.
802 1800 835 1864 Is
855 1800 940 1864 enim
957 1800 1091 1884 fueram,

91 1891 142 1956 eui
174 1911 247 1955 eum
277 1890 389 1954 liceret
418 1892 474 1954 aut
500 1889 639 1953 maiores
667 1910 706 1953 ex
733 1887 800 1953 otio
827 1887 951 1952 fruetus
979 1909 1091 1973 sapere

90 2000 188 2062 quam
221 1977 335 2042 ceteris
367 1979 501 2061 propter
530 1976 654 2041 variam
681 1975 875 2040 suavitatem
902 1975 1091 2060 studiorum,

90 2066 125 2129 in
155 2065 271 2148 quibus
301 2086 321 2128 a
347 2064 486 2148 pueritia
512 2064 669 2147 vixeram,
697 2067 753 2128 aut
780 2063 809 2128 si
836 2062 912 2146 quid
935 2063 1091 2128 assideret

91 2153 236 2217 acerbius
264 2151 436 2235 universis,
464 2173 531 2216 non
556 2151 776 2236 praeeipuam,
803 2152 859 2215 sed
884 2173 997 2236 parem
1020 2173 1092 2216 eum

90 2240 204 2306 ceteris
228 2239 377 2304 fortunae
400 2238 618 2303 condicionem
641 2238 762 2322 subire,
788 2260 854 2303 non
877 2239 1091 2305 dubitaverim

90 2350 141 2392 me
165 2325 365 2412 gravissimis
387 2325 636 2410 tempestatibus
657 2323 661 2410 Ι
682 2347 719 2390 ae
741 2348 843 2410 paene
864 2325 972 2389 fulmi-
996 2328 1036 2407 [p.
1057 2343 1090 2391 49

89 2415 185 2480 nibus
200 2413 283 2499 ipsis
302 2412 432 2478 obvium
449 2412 534 2477 ferre
552 2414 843 2478 conservandorum
861 2413 979 2477 civium
995 2435 1092 2477 eausa

91 2503 233 2585 meisque
265 2500 404 2585 propriis
435 2500 586 2584 perieulis
618 2522 731 2585 parere
763 2521 930 2565 commune
957 2501 1090 2584 reliquis

91 2590 202 2655 otium.
245 2587 358 2671 Neque
385 2587 471 2652 enim
497 2587 559 2654 hae
585 2608 644 2652 uos
671 2587 779 2673 patria
805 2589 877 2673 lege
900 2588 1011 2673 genuit
1034 2593 1125 2653 aut8

91 2676 247 2760 educavit,
268 2679 306 2740 ut
327 2675 419 2739 nulla
441 2675 533 2758 quasi
556 2675 711 2739 alimenta
733 2678 933 2759 exspectaret
955 2697 975 2739 a
995 2675 1090 2739 nobis

91 2787 128 2830 ae
155 2767 284 2828 tantum
310 2762 405 2827 modo
432 2762 554 2827 nostris
581 2762 653 2847 ipsa
680 2762 855 2827 commodis
879 2763 1019 2827 serviens
1042 2766 1090 2826 tu-

89 2854 161 2915 tum
188 2851 372 2936 perfugium
400 2850 466 2915 otio
493 2853 606 2914 nostro
636 2850 856 2935 suppeditaret
879 2853 912 2914 et
933 2851 1090 2934 tranquil-

90 2939 159 3002 lum
187 2939 227 3002 ad
251 2939 391 3021 quietem
414 2938 533 3019 locum,
560 2938 616 3001 sed
638 2941 675 3001 ut
696 2938 853 3023 plurimes
877 2941 910 3002 et
932 2938 1089 3002 maximas

89 3025 195 3090 nostri
222 3022 343 3112 animi,
370 3024 504 3110 ingenii,
532 3024 658 3089 consilii
685 3025 788 3110 partis
815 3025 887 3110 ipsa
910 3025 972 3089 sibi
996 3027 1035 3106 [p.
1056 3042 1090 3091 50

91 3113 131 3177 ad
153 3112 330 3176 utilitatem
352 3133 444 3176 suam
471 3111 696 3197 pigneraretur
722 3115 912 3196 tantumque
939 3112 1033 3177 nobis
1056 3114 1091 3178 in

90 3203 238 3265 nostrum
259 3199 422 3284 privatum
445 3220 547 3283 usum,
571 3203 727 3283 quantum
747 3200 811 3284 ipsi
833 3221 999 3285 superesse
1017 3223 1090 3286 pos-

92 3291 150 3371 set,
172 3287 365 3351 remitteret..

156 3373 227 3440 Iam
249 3374 308 3439 illa
330 3374 486 3459 perfugia,
510 3396 591 3458 quae
614 3378 744 3439 sumunt
767 3374 830 3439 sibi
852 3376 893 3441 ad
913 3377 1122 3472 exeusatio-9

90 3485 174 3548 nem,
198 3484 260 3546 quo
282 3462 408 3527 faeilius
432 3462 499 3527 otio
521 3463 736 3548 perfruantur,
758 3467 844 3528 certe
862 3463 993 3528 minime
1012 3468 1087 3529 sunt

1106 3347 1128 3410 5
1200 3342 1203 3347 ,
