2476 3848
473 185 712 250 -461-

90 348 152 408 tus.
196 342 324 427 Loquor
352 344 437 408 enim
466 343 505 408 de
533 342 629 408 docto
655 343 784 408 homine
815 348 847 408 et
874 341 1010 429 erudito,
1040 347 1091 410 cui

91 433 199 496 vivere
229 435 280 496 est
307 433 461 516 cogitare.
506 429 669 515 Sapientis
701 436 807 497 autem
839 433 994 517 cogitatio
1025 454 1091 498 non

90 521 190 584 ferme
228 520 268 584 ad
304 519 562 605 investigandum
598 518 731 583 adhibet
763 520 874 585 oculos
910 521 1091 586 advocatos.

90 608 222 672 Etenim
248 608 278 672 si
304 629 369 673 nox
393 629 459 673 non
486 607 599 671 adimit
625 607 724 672 vitam
750 608 893 692 beatam,
919 631 975 674 cur
1001 608 1069 673 dies
1094 621 1143 670 112

91 697 180 761 nocti
202 695 320 759 similis
343 695 486 760 adimat?
521 695 607 760 Nam
628 696 709 760 illud
731 695 898 780 Antipatri
923 694 1092 780 Cyrenaici

92 787 142 849 cst
162 785 198 848 id
218 784 347 866 quidem
368 785 465 866 paulo
489 784 670 867 obscenius,
697 784 752 849 sed
773 807 839 850 non
861 784 1000 850 absurda
1021 805 1090 849 sen·

92 873 195 936 tentia
223 875 284 956 est3
312 872 403 936 cuius
433 873 619 937 caecitatem
646 893 719 936 cum
742 873 947 938 mulierculae
973 874 1092 938 lamen·

91 963 249 1043 tarentur,
280 958 394 1035 ‘Quid
426 959 584 1044 agitis?'
614 960 731 1044 inquit,
758 959 820 1025 ‘an
847 962 957 1027 vobis
986 962 1093 1026 nulla

92 1047 246 1111 videtur
272 1048 453 1131 voluptas
482 1069 563 1113 esse
590 1047 816 1113 nocturna?'
862 1049 1003 1134 Appium
1026 1050 1093 1133 qui·

92 1135 165 1198 dem
187 1137 326 1199 veterem
349 1135 455 1218 illum,
483 1136 537 1220 qui
560 1157 671 1199 caecus
693 1159 795 1203 annos
817 1138 936 1203 multos
958 1138 1035 1222 fuit,
1061 1141 1093 1201 et

92 1245 131 1285 ex
162 1222 406 1306 magistratibus
435 1226 467 1287 et
493 1244 532 1285 ex
558 1223 654 1287 rebus
681 1225 781 1307 gestis
811 1225 1030 1310 intellegimus
1059 1225 1092 1290 in

92 1311 149 1375 illo
173 1333 231 1374 suo
254 1333 330 1374 casu
344 1332 411 1395 'nec
428 1310 555 1394 privato
573 1331 632 1374 nec
654 1311 784 1393 publico
803 1314 927 1377 muneri
946 1313 1092 1378 defuisse.

93 1397 126 1463 Ο.
149 1398 247 1462 Drusi
269 1398 399 1463 domum
422 1397 577 1480 compleri
594 1420 614 1461 a
634 1399 869 1464 consultoribus
889 1400 1019 1464 solitam
1042 1421 1092 1465 ac-

94 1486 249 1569 cepimus3
277 1507 362 1568 cum,
389 1507 524 1569 quorum
550 1507 601 1549 res
628 1488 726 1569 esset,
754 1509 811 1550 sua
835 1488 898 1569 ipsi
919 1509 985 1552 non
1007 1486 1091 1550 vide·

92 1575 185 1656 bant,
217 1595 345 1637 caecum
377 1572 572 1637 adhibebant
602 1573 723 1636 ducem.
775 1573 887 1638 Pueris
914 1574 1008 1639 nobis
1036 1572 1092 1639 Gn.

92 1662 239 1725 Aufidius
268 1662 448 1744 praetorius
477 1664 511 1725 ct
540 1661 573 1726 in
601 1664 714 1724 senatu
744 1662 936 1726 sententiam
966 1661 1093 1726 dicebat

91 1772 151 1814 nec
172 1749 281 1814 amicis
305 1749 557 1814 deliberantibus
580 1749 689 1812 deerat
707 1751 740 1814 ct
757 1748 912 1814 Graecam
932 1749 1093 1814 scribebat

92 1837 261 1902 historiam
284 1841 317 1902 et
338 1838 468 1902 videbat
489 1837 524 1902 in
546 1837 673 1900 litteris.

158 1925 315 1989 Diodotus
347 1923 474 1991 Stoicus
511 1946 621 1990 caccus
655 1926 773 1989 multos
805 1947 905 1990 annos
941 1928 1070 1990 nostrae
1094 1893 1144 2020 lq}

93 2014 180 2079 domi
209 2014 298 2077 vixit.
349 2012 382 2078 Is
410 2035 499 2097 vero,
527 2013 612 2098 quod
638 2013 788 2078 credibile
815 2014 868 2078 vix
896 2017 993 2097 essct,
1020 2036 1092 2078 cum

93 2103 129 2165 in
146 2100 352 2183 philosophia
370 2102 472 2165 multo
492 2102 589 2165 etiam
607 2101 711 2184 magis
730 2100 861 2166 adsidue
879 2123 976 2185 quam
999 2107 1093 2167 antea

93 2191 272 2251 versaretur
295 2190 328 2250 et
350 2210 423 2252 cum
445 2189 561 2253 fidibus
579 2187 854 2273 Pythagoreorum
877 2212 966 2255 more
988 2194 1093 2254 utere·

92 2278 159 2356 tur,
182 2295 315 2358 cumque
338 2276 367 2337 ei
389 2276 464 2339 libri
484 2279 594 2340 noctes
613 2280 646 2340 et
668 2277 735 2341 dies
757 2277 953 2362 legerentur,
976 2278 1091 2363 quibus

93 2363 127 2426 in
153 2361 266 2426 studiis
295 2362 395 2427 oculis
422 2384 487 2427 non
514 2364 641 2447 egebat,
668 2368 750 2448 tum,
782 2365 866 2448 quod
896 2367 965 2430 sine
993 2366 1092 2430 oculis

93 2450 162 2514 fieri
189 2471 285 2533 posse
313 2451 367 2513 vix
398 2451 535 2534 videtur,
567 2453 761 2534 geometriae
793 2475 909 2517 munus
940 2452 1093 2517 tuebatur
1144 2521 1146 2526 ,

93 2537 198 2603 verbis
235 2538 432 2622 praecipiens
469 2538 678 2623 discentibus,
714 2539 797 2605 unde
833 2562 895 2625 quo
934 2561 1092 2624 quamque

93 2626 212 2690 lineam
231 2627 413 2690 scriberent.
448 2627 671 2710 Asclepiadem
689 2627 809 2711 ferunt,
831 2649 897 2692 non
917 2627 1092 2712 ignobilem

92 2713 274 2780 Eretricum
296 2714 540 2799 philosophum,
567 2736 638 2778 cum
661 2715 788 2798 quidam
810 2719 990 2800 quaereret,
1016 2714 1092 2798 quid

94 2801 123 2864 ci
145 2802 283 2866 caecitas
307 2803 480 2881 attulisset,
502 2802 720 2886 respondisse,
742 2823 841 2886 puero
863 2805 900 2867 ut
921 2823 985 2867 uno
1009 2805 1093 2868 esset

94 2889 284 2953 comitatior.
320 2889 367 2954 Ut
389 2891 475 2955 eninr
496 2890 548 2954 vel
571 2911 695 2954 summa
716 2894 889 2973 paupertas
912 2890 1092 2955 tolerabilis

94 2976 149 3056 sit,
181 2977 209 3039 si
240 2977 347 3059 liceat,
386 2979 471 3061 quod
500 2977 690 3061 quibusdam
721 2976 853 3042 Graecis
885 2977 1014 3062 cotidie,
1046 2978 1092 3044 sic

93 3063 229 3126 caecitas
251 3063 330 3128 ferri
348 3064 442 3129 facile
463 3067 579 3149 possit,
602 3066 712 3130 sinon
731 3064 835 3129 desint
852 3065 995 3130 subsidia
1010 3067 1092 3130 vale·

92 3151 247 3215 tudinum.
283 3151 486 3217 Democritus
509 3154 684 3218 luminibus
708 3153 834 3218 amissis
853 3153 926 3218 alba
948 3154 1072 3219 scilicet
1094 3164 1144 3213 114

94 3239 270 3303 discernere
298 3242 331 3304 et
359 3244 429 3304 atra
458 3263 523 3306 non
549 3244 690 3326 poterat,
718 3244 854 3306 atvero
881 3243 968 3308 bona
997 3243 1092 3325 mala,

92 3349 194 3411 aequa
220 3327 342 3411 iniqua,
374 3328 512 3393 honesta
536 3330 657 3413 turpia,
684 3329 778 3394 utilia
804 3329 943 3413 inutilia,
974 3352 1092 3415 magua

91 3436 192 3497 parva
210 3419 350 3499 poterat,
373 3420 406 3480 et
424 3418 492 3482 sine
515 3419 670 3482 varietate
689 3419 831 3483 colorum
850 3417 969 3483 licebat
986 3419 1092 3482 vivere
1115 3446 1118 3453 v
1145 3428 1154 3477 a

90 3502 197 3588 beate,
220 3503 293 3568 sinc
309 3505 441 3570 notione
460 3527 567 3571 rerum
585 3527 652 3571 non
674 3505 801 3570 licebat.
837 3504 945 3590 Atque
967 3505 1020 3570 hic
1042 3506 1092 3571 vir
1128 3474 1154 3627 Λ
