2476 3848
482 169 723 233 -133-

104 331 213 397 ficium
226 334 364 414 rectum,
378 329 502 414 opinor,
519 349 684 413 vocemus,
698 330 851 414 quoniam
865 329 980 397 Graeci
993 327 1109 418 κατόρ-
1204 342 1205 345 ’

104 425 213 502 hapa,
237 419 299 483 hoc
323 421 431 482 autem
454 439 622 482 commune
645 417 786 483 officium
809 420 961 501 καθῆκον
983 424 1108 486 vocant.

105 506 213 589 Atque
232 527 270 571 sa
288 505 335 570 sic
353 505 518 589 definiunt,
536 509 582 589 ut,
599 509 724 571 rectum
742 506 828 589 quod
847 506 898 589 sit,
915 507 950 571 id
968 507 1109 574 officium

105 594 283 679 perfeetum
297 615 367 659 esse
381 593 548 676 definiant3
562 593 702 658 medium
717 597 826 659 autem
837 593 979 660 officium
992 596 1026 659 id
1040 617 1109 660 0000

105 683 229 766 dieunt,
261 681 347 766 quod
378 703 434 746 cur
460 681 583 746 factum
611 681 667 764 sit,
698 681 783 746 ratio
811 683 990 766 probabilis
1020 683 1109 748 reddi

103 770 218 854 possit.
262 769 394 854 Triplex
415 768 517 854 igitur
541 772 603 851 cst,
632 773 669 833 ut
690 768 847 834 Panaetio
870 770 1011 854 videtur,
1038 786 1144 836 con-9

105 858 170 921 silii
193 857 339 941 capiendi
363 857 562 922 deliberatio.
599 855 685 922 Nam
706 861 763 923 aut
785 857 998 923 honestumne
1020 859 1110 925 factu

105 946 149 1010 sit
168 967 209 1010 an
225 949 320 1030 turpe
338 945 490 1010 dubitant
508 944 550 1027 id,
569 945 655 1028 quod
672 945 707 1009 in
726 944 991 1011 deliberationem
1009 948 1110 1033 cadit;

104 1034 220 1117 inquo
240 1033 470 1098 considerando
489 1053 584 1116 saepe
604 1033 704 1097 animi
725 1033 760 1096 in
782 1034 961 1100 contrarias
985 1039 1110 1101 senten-

105 1122 169 1186 tias
189 1121 420 1186 distrahuntur.
457 1119 540 1184 Tum
558 1123 667 1185 autem
686 1124 742 1185 aut
761 1122 936 1205 anquirunt
958 1127 1015 1187 aut
1038 1144 1110 1188 con·

106 1210 243 1292 sultant,
270 1207 420 1274 advitae
443 1208 706 1274 commoditatem
733 1209 1040 1294 iucunditatemque,
1068 1210 1109 1276 ad

104 1297 278 1363 facultates
300 1317 408 1362 rerum
431 1299 529 1380 atque
547 1296 666 1382 copias,
689 1295 731 1361 ad
750 1317 837 1380 opes,
860 1297 1110 1384 adpetentiam,

106 1385 222 1469 quibus
241 1389 275 1450 et
293 1407 327 1450 00
345 1385 472 1470 possint
489 1384 601 1450 iuvare
619 1387 652 1448 et
669 1405 754 1468 suos,
775 1384 933 1450 conducat
950 1386 983 1449 id
1001 1408 1109 1471 necne,

107 1475 144 1538 de
164 1495 227 1557 quo
247 1472 440 1555 deliberant3
463 1494 544 1556 quae
564 1471 754 1536 deliberatio
774 1473 878 1536 omnis
896 1473 931 1536 in
948 1474 1109 1540 rationem

105 1561 259 1626 utilitatis
289 1559 383 1625 cadit.
428 1559 575 1626 Tertium
607 1559 775 1624 dubitandi
808 1580 909 1645 genus
941 1565 1004 1644 est,
1036 1583 1109 1626 cum

104 1647 403 1820 {titillat
421 1648 666 1801 11111011ῗὲ
678 1647 1109 1820 11111011111111111

104 1846 255 1891 revocare
270 1824 311 1889 ad
326 1846 360 1888 00
378 1823 514 1908 videtur,
532 1825 570 1888 fit
588 1828 625 1888 ut
639 1822 839 1888 distrahatur
852 1825 887 1888 in
901 1824 1108 1890 deliberando

105 1914 231 1978 animus
259 1911 447 1995 adferatque
475 1912 648 1996 ancipitem
680 1934 790 1977 curam
821 1912 993 1998 cogitandi.
1038 1911 1109 1978 Hac
1128 1926 1160 1976 10

106 2001 271 2084 divisione,
294 2021 367 2067 cum
389 2000 564 2084 praeterire
588 2000 710 2084 aliquid
733 2022 919 2066 maxumum
941 2001 1057 2067 vitium
1074 1999 1109 2067 in

106 2089 275 2154 dividendo
299 2088 351 2170 sit,
373 2087 436 2153 duo
459 2088 689 2172 praetermissa
707 2092 794 2171 sunt3
816 2111 875 2154 nec
894 2089 980 2154 enim
1003 2090 1109 2155 solum

106 2179 215 2240 utrum
241 2175 414 2240 honestum
441 2198 483 2241 an
510 2179 604 2260 turpe
632 2176 688 2259 sit,
721 2176 892 2242 deliberari
925 2179 1021 2261 solet,
1053 2178 1109 2243 sed

107 2263 206 2327 etiam
238 2264 362 2329 duobus
394 2263 570 2348 propositis
602 2264 748 2329 honestis
784 2268 895 2330 utrum
930 2265 1109 2350 honestius,

106 2352 247 2434 itemque
270 2352 394 2416 duobus
417 2352 592 2436 propositis
611 2352 746 2416 utilibus
765 2356 875 2417 utrum
894 2353 1015 2417 utilius.
1046 2352 1108 2437 Ita,

109 2461 206 2524 quam
228 2440 283 2504 ille
305 2439 467 2523 triplicem
489 2439 618 2523 putavit
636 2461 706 2504 0000
724 2441 893 2523 rationem,
915 2441 949 2504 in
969 2441 1108 2525 quinque

105 2531 215 2612 partes
239 2527 390 2592 distribui
415 2528 529 2591 debere
553 2527 721 2610 reperitur.
766 2526 912 2591 Primum
934 2528 1035 2612 igitur
1059 2531 1109 2592 est

106 2616 144 2679 de
167 2615 318 2697 honesto,
341 2614 398 2679 sed
420 2614 603 2699 dupliciter,
628 2617 699 2679 tum
721 2614 794 2699 pari
815 2615 940 2678 ratione
964 2614 1002 2678 de
1025 2615 1108 2698 utili,

104 2706 181 2788 post
203 2703 242 2766 de
265 2703 504 2787 comparatione
528 2723 638 2767 eorum
662 2701 890 2766 disserendum.
1126 2739 1148 2800 4

170 2789 334 2874 Principio
363 2791 472 2875 generi
504 2790 718 2855 animantium
750 2789 838 2854 omni
867 2791 917 2853 est
945 2810 965 2853 a
991 2790 1109 2853 natura
1128 2817 1159 2864 11

106 2877 274 2962 tributum,
296 2882 334 2942 ut
357 2900 399 2961 00,
421 2880 524 2943 vitam
546 2899 724 2963 corpusque
743 2880 882 2960 tucatur,
905 2875 1044 2944 declinet
1062 2899 1109 2962 01,

106 2987 187 3048 quae
205 2966 354 3031 nocitura
371 2966 550 3049 videantur,
569 2966 749 3050 omniaque,
768 2987 850 3050 quae
867 2965 933 3029 sint
947 2965 988 3030 ad
1001 2964 1110 3031 viven-

106 3054 180 3118 dum
204 3053 395 3137 necessaria,
418 3055 568 3138 anquirat
590 3058 622 3118 et
639 3057 742 3139 paret,
764 3057 801 3118 nt
819 3057 958 3138 pastum,
980 3056 1018 3117 ut
1036 3054 1109 3119 lati·

103 3142 195 3225 bula,
225 3145 262 3206 ut
291 3142 355 3206 alia
383 3142 509 3227 generis
536 3142 687 3206 eiusdem.
732 3139 909 3207 Commune
935 3142 1016 3206 item
1043 3141 1109 3206 ani-

104 3231 265 3296 mantium
275 3229 418 3296 omnium
432 3234 482 3294 est
495 3229 728 3295 coniunctionis
743 3229 905 3314 adpetitus
920 3229 1109 3314 procreandi

105 3340 202 3384 causa
229 3323 262 3383 et
289 3339 366 3384 cura
394 3318 550 3402 quaedam
577 3339 701 3402 eorum,
729 3340 809 3402 quae
836 3321 1007 3403 procreata
1029 3318 1108 3401 sint3

105 3406 161 3470 sed
188 3407 272 3471 inter
298 3406 463 3471 hominem
490 3409 523 3470 01
549 3405 679 3471 beluam
706 3405 768 3472 hoc
794 3407 934 3472 maxime
963 3405 1109 3487 interest,

106 3495 191 3576 quod
217 3496 298 3563 haec
324 3497 466 3578 tantum,
499 3496 654 3578 quantum
687 3515 783 3558 sensu
814 3497 976 3584 movetur,
1008 3492 1113 3558 adid
