2476 3848
87 509 120 557 18

88 1126 120 1172 19

521 188 563 198 -
610 151 762 215 280-

139 316 271 381 locitate
291 318 347 379 aut
365 314 530 380 celeritate
554 335 724 398 corporum
747 335 798 378 res
822 335 960 399 magnae
979 317 1150 402 geruntur,

139 404 196 468 sed
218 403 362 486 consilio,
386 402 592 486 auctoritate,
616 402 790 485 sententia3
820 402 936 486 quibus
959 423 1025 466 non
1048 404 1149 469 modo

138 514 205 556 non
223 491 340 574 orbari,
359 490 415 554 sed
434 491 531 554 etiam
551 490 663 575 augeri
681 493 827 554 senectus
847 491 939 554 solet.
968 488 1042 554 Nisi
1058 489 1150 557 forte

140 603 200 666 ego
224 580 327 662 vobis,
350 579 405 663 qui
428 582 460 642 et
483 579 576 642 miles
601 582 633 642 et
654 578 803 642 tribunus
823 582 855 642 et
873 579 1001 662 legatus
1021 580 1054 642 et
1073 601 1150 644 con-

140 670 190 733 sul
217 671 364 732 versatus
393 689 464 730 sum
491 667 526 730 in
553 666 643 730 vario
672 687 788 751 genere
815 667 989 749 bellorum,
1018 688 1149 732 cessare

138 778 223 821 nuno
249 755 373 839 videor,
400 777 472 819 cum
499 754 587 818 bella
613 775 680 817 non
706 774 797 838 gero,
830 756 864 817 at
892 754 1032 838 senatui,
1062 777 1149 838 quae
1186 803 1188 806 ψ

140 845 205 908 sint
215 842 364 928 gerenda,
377 843 571 926 praescribe,
586 845 618 905 et
628 864 690 925 quo
701 841 795 906 modo
806 840 1075 926 Karthagini....,
1093 845 1148 907 cui

139 934 224 996 male
247 933 314 995 iam
337 931 390 993 diu
414 930 571 1015 cogitanti
595 929 718 994 bellum
745 930 848 995 multo
878 933 953 993 ante
977 930 1149 1015 denunti03

139 1020 177 1084 de
201 1042 264 1103 qua
286 1018 390 1083 vereri
408 1039 474 1082 non
488 1021 562 1081 ante
582 1018 734 1100 desinam,
758 1039 854 1100 quam
872 1017 965 1081 illam
987 1018 1149 1084 exscisam

140 1129 210 1171 esse
234 1127 424 1191 cognovero,
460 1103 563 1179 Quam
586 1107 729 1189 palmam
750 1105 876 1169 utinam
895 1106 927 1169 di
944 1106 1149 1191 inmortaleS,

140 1192 263 1278 Scipio,
295 1193 357 1257 tibi
388 1196 565 1275 reservent,
596 1196 633 1256 ut
665 1193 718 1257 avi
749 1193 902 1276 reliquias
934 1198 1147 1277 persequare!

140 1282 228 1347 cuius
248 1304 268 1345 a
285 1285 389 1345 morte
411 1281 526 1345 tertius
550 1280 602 1344 hic
626 1284 658 1344 et
680 1281 862 1345 tricesimus
887 1302 989 1345 annus
1011 1285 1071 1365 est,
1090 1283 1149 1347 sed

106 1439 108 1443 ,
140 1370 330 1435 memoriam
352 1370 440 1433 illius
464 1369 526 1433 viri
549 1390 659 1433 omnes
679 1369 837 1453 excipient
857 1370 934 1433 anni
952 1391 1149 1454 consequen-

89 2089 123 2137 20

90 3269 123 3393 2l

139 1463 198 1523 tes.
243 1458 339 1522 Anno
368 1461 442 1521 ante
474 1479 526 1521 me
558 1478 723 1521 censorem
754 1461 901 1521 mortuus
934 1462 997 1541 est,
1028 1479 1148 1523 novem

141 1546 233 1612 annis
256 1549 332 1631 post
351 1568 457 1609 meum
476 1545 693 1627 consulatum,
721 1567 793 1609 cum
812 1546 926 1609 consul
953 1546 1071 1610 iterum
1094 1568 1148 1611 me

141 1636 272 1700 consule
296 1638 421 1698 creatus
446 1637 539 1705 esset.
575 1631 663 1696 Num
685 1633 796 1719 igitur,
820 1633 847 1697 si
871 1633 912 1696 ad
935 1633 1147 1698 centesimum

141 1745 261 1788 annum
283 1722 431 1805 vixisset,
459 1721 633 1785 senectutis
662 1743 733 1784 eum
758 1743 834 1785 suae
857 1721 1059 1805 paeniteret?
1085 1742 1152 1786 nec·

142 1812 226 1875 enim
251 1809 436 1874 excursione
459 1830 517 1872 nec
541 1809 627 1871 saltu
645 1830 703 1872 nec
722 1809 846 1872 eminus
865 1809 968 1873 hastis
988 1812 1044 1872 aut
1061 1830 1148 1873 com-

141 1899 247 1963 minus
267 1897 384 1983 gladiis
404 1900 556 1978 uteretur,
575 1893 631 1958 scd
649 1896 793 1980 consilio,
816 1897 951 1980 ratione,
975 1897 1147 1961 sententia.

142 1985 229 2061 Quae
251 1985 315 2048 nisi
339 1988 446 2047 essent
468 1984 502 2046 in
526 1983 669 2067 senibus,
698 2006 764 2048 non
790 2006 951 2049 summum
975 1985 1147 2050 consilium

142 2073 279 2136 maiores
302 2071 408 2134 nostri
431 2070 651 2154 appellassent
674 2074 830 2136 senatum.
872 2071 968 2157 Apud
990 2071 1148 2137 Lacedae-

142 2159 267 2223 monios
291 2158 420 2243 quidem
442 2158 478 2242 ii,
502 2159 557 2242 qui
580 2159 816 2243 amplissimum
840 2161 1071 2245 magistratum
1095 2181 1149 2244 ge

141 2251 230 2330 runt,
257 2250 294 2311 ut
322 2250 410 2328 sunt,
444 2247 489 2311 sic
517 2247 616 2311 etiam
642 2247 851 2312 nominantur
879 2268 979 2312 senes
1025 2246 1149 2323 Quodsi

142 2336 249 2420 legere
273 2339 329 2399 aut
352 2335 462 2399 audire
485 2335 602 2399 voletis
626 2339 766 2418 externa,
789 2335 947 2400 maximas
971 2357 1022 2399 res
1041 2336 1149 2421 publi-

143 2445 196 2488 cas
225 2424 265 2488 ab
290 2423 547 2487 adulescentibus
571 2424 797 2508 labefactatas,
826 2446 846 2488 a
868 2424 999 2487 senibus
1023 2426 1149 2489 susten-

142 2514 230 2576 tatas
255 2515 288 2575 et
310 2512 479 2574 restitutas
501 2511 678 2595 reperietis.

187 2598 301 2685 Cedo,
319 2597 385 2683 qui
401 2601 568 2664 vestram
586 2621 664 2663 rem
682 2599 877 2682 publicam
891 2601 1043 2663 tantam
1057 2599 1150 2663 ami-

680 2687 791 2750 sistis
814 2688 891 2750 tem
914 2686 1014 2750 cito?

143 2774 194 2840 Sic
214 2776 299 2839 enim
317 2777 547 2858 percontantur
565 2774 588 2856 †
606 2778 643 2838 ut
664 2777 715 2838 est
739 2774 774 2837 in
791 2773 896 2839 Naevi
913 2778 1029 2858 poetae
1043 2773 1150 2859 Lud03

142 2863 377 2947 respondentur
401 2865 433 2925 et
456 2862 521 2925 alia
545 2865 577 2926 et
599 2861 661 2926 hoc
682 2862 718 2926 in
739 2862 867 2947 primis:

186 2950 473 3014 Provenicbant
510 2951 684 3014 oratores
721 2948 824 3034 novi,
866 2950 982 3014 stulti
1018 2949 1150 3014 adule-

839 3037 1016 3103 soentuli.

144 3124 323 3188 Temeritas
347 3127 397 3187 est
420 3123 568 3189 videlicet
588 3125 733 3189 florentis
757 3125 884 3212 aetatis,
906 3125 1080 3210 prudentia
1103 3146 1152 3190 se·

143 3211 313 3276 nescentis.

210 3299 256 3362 At
278 3297 434 3362 memoria
457 3298 622 3363 minuitur.
667 3298 784 3382 Credo,
810 3300 874 3364 nisi
897 3321 969 3364 eam
991 3322 1153 3385 exerceas,

145 3386 319 3453 autetiam
338 3385 365 3449 si
384 3386 428 3450 sis
447 3391 566 3451 natura
583 3387 715 3453 tardior.
751 3387 985 3453 Themistocles
1005 3388 1153 3453 omnium

144 3475 262 3541 civium
284 3477 472 3560 perceperat
494 3474 639 3559 nomina3
668 3497 746 3540 num
772 3475 874 3562 igitur
901 3475 1039 3541 censetis
1067 3497 1152 3556 eum,
