2476 3848
444 604 610 685 itterteo
638 604 749 704 Qud.

253 790 302 844 De
325 788 466 858 reliquis
488 789 591 844 animi
613 787 934 858 perturbationibus.

455 911 503 984 17,
523 909 662 986 38-20,
680 909 731 969 46.

156 1023 205 1099 Qu
218 1027 280 1091 tem
293 1027 445 1107 totpeuten
455 1025 613 1106 ttttdnitte
627 1026 699 1091 mitt
714 1028 758 1092 tie
767 1027 854 1107 §tetre
868 1028 919 1092 tes
929 1026 1098 1106 tlriftoteles

90 1115 235 1196 tettmptt,
254 1115 304 1178 ter
321 1113 367 1178 tie
380 1113 602 1194 seitentttotten
620 1114 668 1178 oto
687 1113 861 1195 nuttrltdpen
880 1116 1048 1196 Urtptunsso
1065 1116 1098 1180 tu

91 1202 190 1284 &dut
208 1203 295 1282 natm
313 1201 372 1267 unt
386 1199 423 1279 te
440 1200 512 1281 nicht
530 1202 849 1284 desperationum
865 1202 1098 1283 peruersitas

90 1292 186 1356 motta
208 1289 242 1370 (Ῐ.
261 1289 338 1354 orni.
358 1287 426 1370 51).

157 1480 315 1556 Quocirca
337 1479 444 1545 mollis
468 1484 501 1544 et
520 1483 672 1544 enervata
694 1481 840 1563 putanda
862 1482 912 1544 est
934 1479 1097 1561 Peripate·

90 1568 228 1633 tisorum
251 1569 334 1632 ratio
354 1572 387 1632 et
405 1568 519 1651 oratio,
541 1567 595 1651 qui
614 1568 796 1650 perturbari
819 1569 945 1632 animos
967 1588 1098 1646 neeesse

90 1657 202 1721 dieunt
220 1678 299 1739 esse,
317 1657 372 1721 sed
392 1655 547 1720 adhibent
563 1656 694 1719 modum
714 1655 881 1739 quendam,
900 1676 996 1739 quem
1012 1656 1098 1720 ultra

90 1745 241 1829 progredi
263 1766 330 1810 non
353 1747 511 1828 oporteat.
556 1741 688 1807 Modum
710 1745 747 1807 tu
775 1742 907 1807 adhibes
930 1743 1031 1808 vitio?
1055 1766 1096 1809 en
1115 1761 1149 1810 oe

91 1833 206 1898 vitium
224 1833 348 1896 nullum
368 1835 498 1896 estnon
517 1851 629 1915 parere
642 1830 783 1896 rationi?
819 1853 861 1896 an
879 1831 964 1895 ratio
982 1853 1096 1933 parum

91 1921 249 2004 praecipit
284 1942 342 1985 neo
379 1921 500 1985 bonum
532 1919 613 1984 illud
650 1941 736 2002 esse,
772 1918 858 2003 quod
895 1923 952 1983 eut
986 1921 1096 2003 cupias

90 2008 240 2071 ardenter
263 2014 319 2072 aut
342 2008 477 2092 adeptus
501 2007 623 2073 ecferas
645 2011 678 2072 te
701 2007 888 2090 insolenter,
917 2028 977 2072 neo
999 2029 1095 2091 porro

90 2096 224 2178 malum,
252 2115 315 2177 quo
339 2100 396 2160 aut
418 2117 592 2179 oppressus
614 2096 720 2160 iaceas
748 2100 816 2179 eut,
841 2117 883 2160 ne
905 2096 1096 2179 opprimere,

91 2187 197 2247 mente
221 2182 273 2246 vix
292 2183 444 2247 constes?
467 2204 567 2268 eaque
587 2185 695 2248 omnia
713 2187 770 2248 aut
790 2183 888 2246 nimis
911 2183 1019 2247 tristia
1039 2188 1096 2248 aut

90 2269 187 2334 nimis
209 2270 296 2334 laete
323 2291 431 2335 errore
457 2272 541 2354 fieri,
570 2272 625 2354 qui
654 2291 785 2336 errore
769 2271 861 2333 stt‘ul
837 2275 879 2334 t1s
907 2274 1097 2336 extenuetur

91 2359 150 2443 die,
173 2362 221 2441 ut,
251 2379 324 2422 eum
346 2379 397 2422 res
421 2359 531 2423 eadem
555 2362 698 2444 maneat,
726 2358 818 2422 aliter
844 2356 953 2422 ferant
975 2358 1095 2423 invete-

90 2453 176 2527 rata,
209 2446 305 2510 aliter
334 2446 492 2530 recentia,
528 2445 684 2530 sapientis
717 2466 757 2510 ne
789 2446 932 2530 attingat
967 2446 1095 2529 quidem

90 2533 243 2600 omnino?
265 2533 395 2598 Etenim
419 2534 491 2618 quis
515 2533 577 2598 erit
598 2534 729 2599 tandem
752 2534 866 2599 modus
889 2531 973 2598 iste?
1000 2554 1095 2616 quae·
1114 2532 1149 2582 40

90 2645 200 2688 ramus
224 2621 309 2686 enim
328 2622 459 2686 modurn
478 2621 699 2706 aegritudinis,
721 2623 756 2686 in
777 2643 842 2705 qua
860 2642 976 2706 operes
997 2621 1097 2703 pluri·

90 2733 178 2775 mum
205 2711 344 2792 ponitur.
389 2710 497 2795 Aegre
525 2709 639 2774 tulisse
662 2709 695 2774 Ρ.
719 2707 886 2792 Rupilium
912 2709 1025 2774 fratris
1048 2731 1096 2773 re·

90 2800 217 2881 pulsam
241 2799 430 2863 consulatus
458 2797 612 2879 seriptum
641 2797 726 2883 apud
748 2795 907 2862 Fannium
931 2801 990 2864 est.
1034 2796 1098 2862 Sed

90 2891 201 2949 temen
227 2886 381 2950 transisse
408 2886 535 2950 videtur
558 2885 702 2968 modum,
729 2885 848 2970 quippe
876 2886 933 2968 qui
960 2886 1096 2950 obeam

91 2994 220 3037 oausam
234 2994 254 3036 e
268 2973 336 3037 vita
353 2975 534 3058 recesserit3
554 2973 749 3038 moderatius
767 2972 868 3056 igitur
881 2973 965 3037 ferre
979 2973 1097 3037 debuit.

90 3060 183 3144 Quid,
206 3060 242 3142 si,
265 3082 337 3125 oum
360 3061 394 3125 id
414 3062 513 3125 ferret
531 3061 665 3139 modice,
688 3082 776 3126 mors
799 3061 974 3126 liberorum
994 3081 1097 3126 acces·
1150 3118 1154 3137 ,

90 3148 208 3213 sisset?
253 3145 342 3213 Nata
369 3154 454 3215 esset
481 3148 648 3233 aegritudo
676 3170 774 3232 nove,
807 3149 862 3213 sed
890 3170 928 3214 ea
957 3149 1096 3232 modice3

89 3257 209 3321 magna
235 3240 345 3300 temen
374 3236 463 3302 ieota
494 3241 579 3302 osset
606 3236 756 3302 secessio.
803 3235 900 3320 Quid,
927 3237 955 3301 si
982 3237 1096 3301 deinde

89 3324 215 3392 dolores
238 3344 352 3408 graves
376 3325 534 3409 eorporis,
561 3325 589 3389 si
615 3325 775 3390 bonorum
803 3325 948 3408 amissio,
975 3325 1003 3387 si
1027 3344 1095 3388 oae-
1122 3372 1125 3377 .

89 3412 182 3495 oitas,
219 3413 246 3476 si
283 3413 435 3478 exilium?
486 3412 521 3478 si
552 3435 612 3498 pro
650 3412 786 3498 singulis
823 3412 918 3478 malis
955 3410 1115 3495 aegritu·¹
