2476 3848
530 165 771 230 -330-

140 350 199 395 nec
218 330 390 394 observare
408 328 566 413 restricte,
584 351 624 392 ne
642 329 715 413 plus
734 328 847 393 reddat
861 349 959 411 quam
973 327 1148 412 acceperit3

140 438 244 500 neque
272 417 357 480 enim
384 417 558 480 verendum
586 419 648 499 est,
681 437 721 480 ne
750 414 827 499 quid
856 415 994 499 excidat,
1021 418 1079 480 aut
1106 437 1148 481 ne

142 505 219 588 quid
246 505 280 568 in
307 508 428 570 terram
456 504 588 589 defluat,
621 507 677 568 aut
707 525 748 568 ne
775 504 849 588 plus
877 525 979 586 aequo
1008 503 1086 586 quid
1112 504 1150 570 in

88 608 122 658 69
142 592 318 657 amicitiam
345 597 546 676 congeratur.
592 591 720 656 Tertius
747 613 823 656 vero
850 591 907 655 ille
938 590 1012 655 finis
1045 592 1150 656 deter-

141 702 261 765 rumus,
284 683 329 762 ut,
353 681 465 763 quanti
484 681 619 764 quisque
638 702 672 743 se
694 680 764 764 ipse
783 678 891 762 faciat,
914 679 1000 742 tanti
1022 679 1082 743 fiat
1105 681 1147 744 ab

142 768 263 833 amicis.
309 766 410 853 Saepe
438 769 524 832 enim
550 769 585 832 in
617 767 809 850 quibusdam
842 770 898 831 aut
930 766 1057 831 animus
1090 767 1148 832 ab·

140 857 254 921 iectior
287 860 336 920 est
369 860 425 920 aut
453 877 526 940 spes
554 855 798 939 amplificandae
825 854 975 919 fortunae
1002 854 1148 920 fractior.

140 943 216 1008 Non
244 947 293 1007 est
320 944 422 1028 igitur
449 943 545 1008 amici
571 943 671 1007 talem
699 964 768 1007 esse
791 943 826 1006 in
848 964 934 1026 eum,
962 942 1067 1044 qualis
1091 943 1148 1007 illc

140 1030 175 1094 in
198 1052 232 1094 se
256 1034 314 1113 est,
291 1031 393 1095 tsed
415 1032 524 1132 potius
547 1031 627 1095 eniti
600 1033 683 1094 tet
705 1031 902 1114 efficere,ut
926 1030 1021 1094 amici
1043 1030 1148 1095 iacen-

140 1122 208 1181 tem
232 1081 373 1182 aninium
393 1119 461 1184 exci
462 1123 510 1182 tet
527 1119 752 1203 inducatque
739 1140 774 1183 m
792 1140 882 1202 spem
902 1118 1011 1202 cogita
992 1117 1147 1182 iatonem-

142 1227 203 1304 que
226 1206 400 1270 meliorem
437 1206 530 1271 Alius
554 1206 655 1292 igitur
677 1206 751 1270 finis
774 1227 868 1270 verae
888 1206 1049 1270 amicitiae
1072 1228 1147 1270 con·

140 1293 322 1358 strtuendus
350 1298 413 1379 est,
443 1295 471 1359 si
498 1295 601 1378 prius,
634 1294 710 1378 quid
737 1315 885 1358 maxume
912 1294 1148 1378 reprehendere

140 1298 249 1466 Scipio
277 1382 354 1446 solit
340 1386 392 1446 tus
421 1383 476 1460 sit,
504 1382 622 1447 dixero.
667 1381 820 1468 Negabat
842 1382 942 1446 ullam
965 1403 1077 1447 vocem
1100 1381 1147 1444 in·

140 1469 317 1534 imiciorem
342 1471 502 1535 amicitiae
524 1475 583 1555 pot
585 1470 670 1535 uisse
694 1470 826 1554 reperiri
854 1491 952 1553 quam
980 1470 1062 1552 eius,
1090 1470 1147 1553 qui

142 1558 275 1621 dixisset
307 1560 354 1622 ita
386 1581 495 1623 amare
527 1562 688 1642 oportere,
724 1562 761 1622 ut
793 1557 822 1621 si
853 1556 1027 1640 aliquando
1059 1561 1148 1623 esset

141 1667 269 1729 osurus3
295 1668 354 1710 nec
381 1668 456 1712 vero
481 1668 515 1710 se
539 1646 653 1710 adduci
679 1667 787 1729 posse,
816 1648 853 1709 ut
880 1645 955 1728 hoc,
982 1666 1076 1728 quem
1104 1646 1147 1709 ad

141 1734 272 1797 modum
294 1738 472 1817 putaretur,
496 1756 516 1797 a
537 1732 655 1797 Biante
678 1754 747 1796 esse
771 1732 835 1796 dict
821 1737 891 1797 tum
914 1733 1065 1816 crederet,
1089 1733 1147 1816 qui

141 1822 269 1906 sapiens
297 1822 428 1885 habitus
456 1825 541 1885 esset
568 1842 650 1885 unus
679 1843 696 1884 e
723 1824 861 1904 septem3
892 1821 1012 1905 impuri
1042 1821 1147 1886 cuius-

140 1908 213 1972 dam
238 1913 294 1973 aut
317 1908 482 1973 ambitiosi
505 1912 561 1972 aut
585 1908 692 1972 omnia
716 1908 756 1971 ad
779 1929 871 1972 suam
893 1908 1075 1993 potentiam
1098 1930 1147 1973 re-

140 1996 286 2060 vocantis
313 2018 383 2060 esse
412 1997 612 2060 sententiam.
659 1995 805 2070 Quonam
833 1995 918 2059 enim
942 1996 1037 2060 modo
1061 1996 1147 2079 quis·

107 2149 110 2155 ,
141 2104 237 2164 quam
261 2082 382 2148 amicus
406 2105 476 2147 esse
499 2084 620 2167 poterit
643 2085 681 2168 ei,
704 2085 755 2149 cui
779 2105 812 2147 se
831 2084 960 2168 putabit
978 2083 1146 2148 inimicum

140 2191 209 2232 esse
228 2171 345 2253 posse?
369 2171 447 2253 quin
470 2172 568 2235 etiam
591 2193 720 2237 necesse
743 2172 805 2236 erit
827 2193 943 2256 cupere
966 2174 999 2234 et
1021 2175 1146 2256 optare,

139 2261 176 2320 ut
203 2279 300 2340 quam
329 2258 516 2342 saepissime
543 2263 653 2343 peccet
685 2261 820 2341 amicus,
853 2280 915 2341 quo
947 2258 1057 2343 plures
1091 2259 1146 2323 det

139 2344 202 2408 sibi
216 2348 383 2429 tamquam
398 2368 493 2410 ansas
507 2347 549 2410 ad
562 2347 871 2432 reprehendendum3
888 2367 1017 2410 rursum
1036 2350 1145 2410 autem

139 2435 224 2496 reete
247 2432 342 2498 factis
366 2433 604 2517 commodisque
628 2435 804 2499 amicorum
826 2455 956 2498 necesse
977 2433 1039 2498 erit
1058 2435 1145 2519 angi,

86 2535 120 2585 60
138 2521 255 2602 dolere,
274 2521 425 2586 invidere.
462 2520 567 2597 Quare
585 2522 646 2587 hoc
661 2522 788 2605 quidem
806 2525 1023 2606 praeceptum,
1042 2522 1146 2586 cuius·

138 2631 273 2692 cumque
293 2613 351 2691 est,
370 2610 410 2672 ad
428 2609 607 2673 tollendam
624 2610 800 2674 amicitiam
819 2609 920 2692 valet3
938 2608 1021 2673 illud
1034 2610 1146 2692 potius

138 2697 399 2780 praecipiendum
426 2696 503 2779 fuit,
532 2700 569 2761 ut
597 2719 667 2761 eam
691 2698 894 2782 diligentiam
918 2696 1145 2763 adhiberemus

137 2785 172 2846 in
195 2785 346 2849 amicitiis
370 2784 603 2869 comparandis,
626 2789 725 2849 utne
749 2785 876 2868 quando
898 2806 1006 2848 amare
1024 2784 1145 2868 incipe·

138 2893 244 2936 remus
273 2896 359 2955 eum,
390 2895 485 2956 quem
510 2873 682 2955 aliquando
707 2873 812 2936 odisse
836 2893 1013 2956 possemus.
1059 2870 1146 2947 Quin

138 2960 249 3042 etiam,
273 2961 301 3023 si
324 2962 430 3024 minus
453 2960 563 3025 felices
585 2960 620 3024 in
643 2960 806 3045 diligendo
829 2960 1019 3043 fuissemus,
1041 2958 1144 3025 feren·

138 3047 213 3109 dum
231 3047 264 3111 id
279 3045 385 3132 Scipio
406 3048 514 3131 potius
534 3070 631 3131 quam
649 3048 892 3112 inimicitiarum
910 3053 1038 3132 tempus
1058 3049 1146 3133 cogi·

137 3134 272 3197 tandum
295 3135 440 3218 putabat.

15 3293 16 3296 Ἴ
84 3199 125 3323 {17
201 3220 263 3284 His
282 3222 383 3306 igitur
400 3223 518 3287 finibus
537 3224 692 3287 utendum
712 3222 861 3306 arbitror,
880 3227 926 3307 ut,
944 3245 1017 3288 cum
1036 3244 1145 3288 emen-

137 3308 205 3372 dati
227 3331 332 3373 mores
357 3311 533 3377 amicorum
557 3312 631 3395 sint,
654 3314 724 3374 tum
748 3310 792 3375 sit
813 3312 898 3375 inter
921 3333 976 3376 eos
998 3311 1145 3376 omnium

133 3417 257 3481 rerum,
284 3398 505 3481 consiliorum,
533 3399 740 3463 voluntatum
767 3399 835 3463 sine
864 3399 933 3464 ulla
955 3399 1145 3483 exceptione

89 3517 101 3570 ι
174 3486 359 3572 mmunitas,
377 3490 423 3572 ut,
442 3487 571 3553 etiamsi
590 3508 653 3571 qua
666 3485 799 3552 fortuna
813 3486 966 3571 acciderit
979 3490 1016 3552 ut
1034 3486 1145 3552 minus
