2476 3848
469 177 713 244 ..233-

88 341 177 406 enim
199 344 270 404 erat
291 341 383 405 loeus
404 339 489 404 alter
511 340 663 404 devitiis
689 336 893 425 senectutis),
917 360 984 405 non
1009 340 1095 424 plus,

89 451 187 512 quam
197 428 384 492 adulescens
397 428 485 491 tauri
498 431 555 491 aut
569 427 735 512 elephanti
747 427 978 492 desiderabam.
1001 425 1095 502 Quod

88 520 149 599 est,
171 537 209 580 eo
232 515 324 580 decet
343 516 394 579 uti
416 519 458 598 et,
480 515 633 599 quicquid
655 537 743 600 agas,
765 535 862 599 agere
883 537 944 600 pro
961 515 1094 581 viribus.

90 603 179 678 Quae
200 604 286 667 enirn
308 625 371 667 vox
392 607 504 688 potest
525 625 597 667 esse
616 603 833 687 contemptior
850 625 948 686 quam
962 602 1094 668 Milonis

90 691 320 756 Crotoniatae?
342 691 398 774 qui
420 712 493 755 cum
515 691 583 756 iam
605 713 702 756 senex
724 695 811 755 esset
832 691 1038 775 athletasque
1059 712 1094 757 ss

89 783 273 844 exercentes
295 779 330 842 in
347 779 505 844 curriculo
522 779 656 863 videret,
678 779 842 864 aspexisse
859 779 999 843 lacertos
1018 800 1094 844 snos

89 867 208 932 dieitur
219 867 492 949 inlacrimansque
505 867 636 932 dixisse:
654 866 721 931 ‘At
734 867 774 930 hi
788 866 938 951 quidam
952 867 1095 931 mortui

88 956 163 1018 iam
182 954 291 1019 sunt?
321 953 399 1018 Non
415 976 492 1019 vero
510 959 580 1018 tam
597 955 655 1019 isti
673 977 771 1039 quam
788 959 826 1020 tu
842 955 922 1040 ipss,
939 957 1094 1040 nugatori

89 1064 192 1125 neque
210 1043 296 1106 enim
314 1063 353 1106 ex
371 1046 404 1105 te
426 1064 580 1126 umquam
603 1064 637 1106 es
659 1043 861 1126 nobilitatus,
883 1043 940 1107 sed
958 1064 997 1106 ex
1015 1043 1095 1106 late-

90 1130 180 1194 ribus
207 1133 240 1193 ct
267 1129 397 1194 lacertis
424 1130 499 1194 tuis.
544 1129 637 1193 Nihil
664 1127 735 1194 Sex.
761 1129 875 1194 Aelius
902 1131 983 1213 tale,
1011 1130 1094 1194 nihil

91 1216 203 1281 multis
221 1217 314 1280 annis
333 1221 408 1281 ante
426 1217 474 1282 Ti.
488 1216 717 1300 Coruncanius,
736 1218 819 1282 nihil
837 1219 933 1283 modo
952 1217 987 1282 P.
1002 1216 1095 1283 Gras-

89 1327 158 1388 sus,
186 1305 344 1388 aquibus
365 1305 439 1369 iura
461 1305 585 1370 civibus
611 1304 927 1389 praescribebantur3
957 1327 1095 1388 quorum

90 1414 191 1476 usque
215 1392 256 1456 ad
278 1397 457 1456 extremum
480 1393 630 1476 spiritum
658 1394 708 1456 est
734 1395 887 1475 provecta
912 1393 1094 1475 prudentia.

91 1479 210 1545 Orator
223 1484 332 1544 metuo
345 1502 386 1544 ne
404 1480 594 1564 languescat
612 1482 789 1561 senectutc;
807 1482 857 1543 est
875 1479 960 1542 enim
978 1501 1094 1543 munus
1114 1493 1147 1542 aa

92 1569 160 1633 cius
182 1590 249 1633 non
270 1568 393 1653 ingenii
415 1568 530 1651 solum,
553 1566 610 1630 sed
632 1566 771 1630 laterum
794 1565 894 1629 ctiam
917 1569 949 1629 et
968 1565 1094 1631 virium.

92 1655 230 1721 Omnino
253 1677 406 1720 canorum
428 1654 510 1719 illud
531 1654 566 1718 in
590 1675 667 1719 voce
696 1652 890 1738 splendescit
916 1652 1015 1717 ctiam
1041 1674 1094 1717 ne

91 1744 158 1809 scio
191 1764 254 1826 quo
288 1747 384 1827 paeto
415 1743 450 1806 in
481 1746 660 1825 senectute,
697 1741 783 1825 quod
816 1740 963 1824 equidem
991 1740 1095 1806 adhuc

91 1853 156 1895 non
179 1830 287 1913 amisi,
319 1834 352 1894 et
378 1830 495 1894 vidctis
522 1852 638 1915 annos,
665 1829 720 1894 sed
747 1833 858 1893 tamen
887 1833 938 1893 cst
961 1828 1094 1893 decorus

93 1918 178 1983 senis
201 1939 306 1982 sermo
326 1918 453 2001 quietus
471 1921 504 1982 ct
526 1918 693 2002 remissus,
715 1916 858 2000 facitque
885 1938 943 2001 per
966 1937 1000 1982 sc
1022 1915 1095 2001 ipsa

94 2006 157 2070 sibi
179 2005 376 2070 audientiam
403 2006 516 2070 diserti
538 2006 624 2070 senis
652 2009 783 2090 compta
813 2008 845 2069 et
867 2004 957 2068 mitis
980 2004 1094 2070 oratio.

93 2092 196 2168 Quam
220 2094 248 2157 si
269 2094 339 2176 ipse
362 2094 475 2176 exequi
501 2115 656 2178 nequeas,
681 2093 789 2178 possis
816 2097 927 2158 tamen
953 2089 1096 2177 Scipioni

93 2181 276 2265 praecipere
299 2185 332 2245 et
354 2181 474 2245 Laelio.
515 2180 599 2256 Quid
621 2181 705 2245 enim
729 2185 779 2245 est
801 2181 967 2246 iucundius
992 2202 1095 2245 senec-

93 2273 163 2333 tute
191 2269 314 2353 stipata
343 2268 458 2333 studiis
489 2268 689 2333 iuventutis?
721 2267 774 2332 An
800 2290 840 2332 ne
868 2269 942 2332 illas
967 2268 1095 2352 quidem
1116 2280 1148 2330 29

92 2357 178 2421 vires
206 2356 364 2421 senectuti
390 2356 621 2439 relinquemus,
652 2359 689 2419 ut
721 2355 940 2420 adulescentes
974 2356 1096 2439 doceat,

94 2444 254 2526 instituat,
278 2444 318 2507 ad
337 2465 430 2508 omne
449 2442 547 2507 officii
565 2463 681 2506 munus
699 2442 861 2506 instruat?
885 2462 948 2524 quo
968 2442 1097 2524 quidem

94 2554 191 2616 opere
215 2530 292 2615 quid
313 2535 422 2614 potest
445 2552 514 2595 esse
537 2529 755 2614 praeclarius?
791 2528 872 2593 Mihi
892 2549 968 2593 vero
988 2532 1021 2593 ct
1040 2526 1096 2592 (ln.

94 2624 128 2684 et
145 2619 180 2683 P.
195 2617 359 2702 Scipiones
378 2621 411 2682 ct
434 2618 486 2681 avi
508 2618 557 2682 tui
580 2618 652 2700 duo,
674 2617 709 2680 L.
725 2615 884 2680 Aemilius
903 2619 943 2679 et.
962 2614 997 2679 P.
1011 2613 1097 2678 Afri·

94 2728 207 2790 canus,
234 2704 391 2770 comitatu
412 2705 571 2769 nobilium
593 2705 745 2769 iuvenum
766 2701 925 2768 fortunati
946 2700 1097 2767 videban-

94 2798 162 2878 tur,
183 2815 243 2859 nec
265 2792 326 2856 ulli
347 2792 506 2857 bonarum
530 2793 649 2856 artium
672 2790 820 2877 magistri
843 2811 908 2855 non
930 2789 1019 2854 beati
1065 2811 1098 2852 u·

95 2881 194 2964 tandi,
210 2879 357 2965 quamvis
371 2880 595 2945 consenuerint
609 2879 694 2943 vires
709 2883 804 2962 atque
819 2876 1000 2941 defecerint.
1054 2876 1098 2940 tsi

94 2969 167 3052 ipsa
191 2969 257 3032 ista
284 2967 420 3033 defectio
444 2967 561 3032 virium
590 2966 825 3032 adulescentiae
847 2964 936 3031 vitiis
960 2964 1098 3030 efficitur

95 3055 224 3139 saepius
257 3077 354 3138 quam
385 3055 573 3138 senectutis3
604 3054 778 3119 libidinosa
809 3053 894 3119 enim
927 3057 959 3117 et
986 3053 1098 3118 intem·

94 3165 212 3227 perans
244 3143 461 3207 adulescentia
493 3143 624 3207 effetum
655 3163 771 3226 corpus
802 3139 903 3206 tradit
933 3139 1098 3207 senectuti.

95 3230 199 3314 Cyrus
223 3230 351 3315 quidem
374 3230 458 3314 apud
480 3229 728 3314 Xenophontem
751 3251 789 3294 eo
813 3249 973 3314 sermone,
1004 3248 1064 3314 que

95 3318 238 3383 moriens
259 3317 388 3400 habuit,
411 3338 484 3381 cum
507 3315 678 3381 admodum
702 3338 797 3382 senex
820 3320 919 3400 esset,
940 3319 1042 3403 negat

93 3427 250 3489 umquam
272 3403 410 3480 sensisse
434 3406 630 3467 senectutem
654 3424 747 3469 suam
769 3403 1014 3470 imbecilliorem

95 3497 177 3578 tam,
209 3512 307 3576 quam
338 3489 556 3555 adulescentia
586 3489 712 3556 fuisset.
760 3491 832 3578 Ego
864 3490 901 3557 L.
930 3487 1045 3556 Metell
