2476 3848
471 157 713 222 ..295-

91 313 235 398 eorporis
256 318 470 399 ornatumque
491 314 658 380 Persicum
679 317 785 380 multo
813 338 894 381 auro
921 315 1098 399 multisque

91 401 227 487 gemmis
261 400 393 466 dixisse:
434 403 540 467 ‘Rite
576 425 667 468 vcro
702 407 755 485 te,
791 401 902 486 Cyre,
940 403 1098 469 beatum

90 488 233 571 ferunt,
251 491 432 573 quoniam
448 492 592 554 virtuti
609 496 700 554 tuae
717 490 877 555 fortuna
890 490 1097 555 coniuncta

90 577 170 641 est'
205 576 276 642 Hac
296 578 400 663 igitur
420 579 554 643 fortuna
575 578 641 641 frui
664 579 741 642 licet
761 578 902 660 senibus,
923 600 984 642 nec
1005 583 1097 642 actas
1115 597 1150 646 to

89 664 238 748 impedit,
262 687 326 748 quo
348 667 456 730 minus
478 671 513 730 et
533 671 717 730 ceterarum
738 687 848 729 rernm
870 669 904 729 ct
925 666 960 729 in
982 667 1097 750 primis

90 753 162 836 agri
184 753 309 817 colendi
330 754 439 818 studia
460 759 630 818 teneamus
651 776 755 837 nsque
777 754 818 818 ad
841 755 993 818 ultimum
1018 758 1099 818 tem·

90 861 151 924 pus
169 841 352 904 senectutis.
383 841 427 905 m
445 842 575 925 quidem
592 841 762 906 Valerium
780 840 957 906 Corvinum
977 843 1098 927 accepi-

91 949 163 991 mus
181 928 222 992 ad
239 930 449 992 centesimum
467 952 589 993 annum
606 929 805 1014 perduxisse,
827 952 902 994 cum
920 934 1007 994 esset
1025 934 1099 995 acta

89 1015 156 1078 iam
174 1019 280 1079 aetate
297 1017 333 1079 in
350 1018 440 1100 agris
458 1038 578 1100 eosque
596 1019 730 1100 coleret3
748 1019 839 1082 cuius
851 1019 939 1082 inter
954 1019 1099 1102 primum

91 1106 124 1165 et
147 1107 273 1166 sextum
295 1105 500 1168 consulatum
523 1127 580 1169 sex
602 1110 636 1168 et
659 1106 876 1190 quadraginta
898 1108 976 1170 anni
1000 1107 1099 1171 inter·

89 1190 227 1254 fuerunt.
271 1190 338 1273 Ita,
369 1197 528 1274 quantum
559 1192 702 1276 spatium
735 1194 853 1256 aetatis
885 1195 1025 1259 maiores
1058 1195 1099 1258 ad

90 1279 265 1342 senectutis
290 1279 421 1342 initium
451 1302 522 1344 esse
548 1279 735 1361 voluerunt,
766 1284 878 1343 tantus
904 1282 957 1344 illi
985 1303 1098 1345 cursus

23 1388 26 1395 ·
89 1365 249 1429 honorum
265 1365 342 1448 fuit3
365 1371 463 1450 atque
485 1367 581 1430 huius
603 1371 749 1429 extrema
771 1370 861 1429 aetas
884 1367 946 1432 hoc
971 1369 1099 1431 beatior

93 1474 189 1536 qnam
211 1454 330 1536 media,
357 1453 444 1537 quod
466 1454 671 1517 auctoritatis
693 1453 838 1517 habebat
859 1454 948 1536 plus,
974 1453 1098 1517 laboris

90 1541 210 1625 minus,
236 1563 317 1625 apex
339 1546 391 1605 est
413 1545 522 1605 autem
545 1541 719 1604 senectutis
742 1540 929 1603 auctoritas.
969 1539 1149 1614 Quantam

90 1627 154 1691 fuit
174 1629 209 1692 in
230 1629 265 1693 L.
289 1628 430 1695 Caecilio
452 1629 595 1712 Metello,
618 1630 741 1711 quanta
762 1627 797 1690 in
818 1628 860 1690 A.
878 1626 983 1689 Atilio
1006 1627 1098 1691 Cala·

91 1715 172 1779 tino!
192 1716 226 1779 in
244 1738 341 1799 quem
358 1717 440 1780 illud
458 1717 613 1802 elogium:
633 1715 757 1778 ‘Hunc
774 1735 889 1777 unum
907 1713 1098 1796 plurimae

90 1805 340 1867 consentiunt
371 1808 508 1888 gentes
539 1802 677 1888 populi
712 1802 939 1886 primarium
975 1801 1098 1865 fuisse

91 1890 233 1954 virum?
265 1889 390 1955 Notum
408 1894 459 1954 est
477 1913 607 1956 carmen
624 1890 762 1954 incisum
779 1889 815 1952 in
836 1889 992 1972 sepulcro.
1024 1887 1098 1952 Iure

76 1978 193 2062 ‘igitur
216 1979 339 2062 gravis,
367 1979 457 2042 onius
485 1980 524 2042 de
551 1979 701 2042 laudibus
729 1977 873 2041 omnium
901 1980 987 2040 esset
1008 1974 1099 2040 fama

90 2067 304 2130 consentiens.
344 2064 448 2140 Quem
469 2067 577 2130 virum
598 2087 702 2149 nuper
723 2064 760 2128 P.
784 2062 947 2147 Crassum,
969 2063 1099 2147 pontifi-

92 2175 160 2217 cem
179 2154 364 2237 maximum,
383 2175 478 2236 quem
496 2157 612 2236 postea
624 2154 666 2217 M.
679 2152 847 2236 Lepidum,
866 2152 978 2217 eodem
997 2173 1099 2216 sacer·

91 2240 181 2304 dotio
208 2241 405 2324 praeditum,
430 2241 583 2306 vidimus!
629 2239 713 2314 Quid
740 2239 779 2303 de
801 2239 904 2303 Paulo
934 2241 991 2303 aut
1014 2238 1099 2302 Afri·

91 2349 172 2391 cano
199 2328 316 2411 loquar
338 2332 408 2412 aut,
435 2333 472 2391 ut
493 2328 561 2391 iam
584 2329 672 2407 ante,
700 2326 739 2389 de
765 2325 931 2389 Maximo?
962 2347 1100 2408 quorum

91 2436 158 2479 non
179 2416 214 2479 in
237 2417 399 2479 sententia
422 2416 541 2496 solum,
571 2414 627 2476 sed
653 2412 753 2475 etiam
775 2412 811 2475 in
832 2415 914 2476 nutu
936 2411 1099 2474 residebat

92 2503 278 2567 auctoritas
323 2502 432 2565 Habet
455 2504 601 2565 senectus
628 2498 788 2562 honorata
811 2498 1004 2581 praesertim
1029 2501 1099 2559 tan-

90 2593 160 2653 tam
183 2589 425 2672 auctoritatem,
449 2591 488 2652 ut
516 2610 554 2651 ea
575 2586 680 2670 pluris
704 2585 747 2648 sit
770 2605 868 2666 quam
891 2603 1002 2646 omnes
1025 2581 1100 2645 adu-

92 2676 265 2741 lescentiae
287 2677 483 2760 voluptates.
528 2673 591 2738 Sed
616 2674 651 2736 in
673 2671 761 2736 omni
784 2670 931 2735 oratione
960 2645 1150 2771 memes-lg

92 2768 163 2828 tote
190 2786 262 2828 eam
288 2785 340 2828 me
369 2766 566 2826 senectutem
593 2760 738 2841 laudare,
771 2778 853 2840 quae
880 2755 1098 2819 fundamentrs

93 2851 329 2916 adulescentiae
348 2850 526 2915 constituta
545 2848 597 2912 sit.
632 2846 764 2928 Exque
788 2842 935 2925 efficitur,
957 2841 991 2905 id
1014 2840 1099 2924 quod

93 2960 154 3024 ego
179 2959 297 3023 magno
322 2938 484 3020 quondam
503 2959 575 3001 oum
594 2955 727 2999 assensu
746 2930 891 2995 omnium
910 2928 984 3011 dixi,
1007 2927 1100 2992 mise·

93 3048 164 3090 ram
197 3047 267 3090 esse
300 3028 511 3107 senectutem,
548 3043 629 3106 quae
663 3043 697 3085 se
729 3017 876 3083 oratione
908 3015 1100 3081 defenderet.

93 3111 170 3178 Non
201 3112 273 3177 cani
303 3134 362 3176 nee
392 3131 494 3195 rugae
527 3113 658 3193 repente
695 3105 923 3172 auctoritatem
959 3102 1101 3189 arripere

93 3204 240 3284 possunt,
264 3199 320 3263 sed
341 3198 477 3263 honeste
501 3200 574 3261 acta
597 3194 742 3279 superior
762 3196 852 3258 aetas
870 3192 994 3258 fruetus
1014 3212 1052 3258 ca

95 3287 300 3353 auctoritatis
329 3289 498 3349 extremos.
543 3282 632 3347 Haec
659 3281 744 3346 enim
771 3281 845 3365 ipsa
868 3282 943 3345 sunt
965 3278 1032 3345 hon

94 3375 189 3458 bilia,
217 3395 298 3458 quae
325 3373 476 3437 videntur
502 3370 586 3434 levia
609 3373 706 3454 atque
734 3367 928 3452 eommunia,
956 3367 1028 3433 salu

96 3462 221 3546 adpeti,
249 3460 371 3545 decedi,
394 3457 539 3544 adsurgi,
563 3457 688 3542 deduci,
710 3455 831 3542 reduci,
854 3454 992 3540 consuli3
1020 3472 1043 3541 q
