2476 3848
100 1145 134 1193 99

536 172 776 239 -258-

153 335 253 400 fuisse
275 332 423 418 Ulixem,
447 333 475 398 si
496 334 531 398 in
552 333 613 398 illa
635 334 842 399 simulatione
865 334 1162 419 perseveravisset?

154 423 305 508 quicum
328 422 485 487 maximas
512 443 565 486 res
594 422 731 508 gesserit
753 422 788 486 in
815 423 916 507 bello,
943 426 1054 488 tamen
1080 423 1162 489 haec

154 510 265 577 audiat
288 511 329 575 ab
352 509 466 575 Aiace:

198 597 317 663 Cuius
340 595 428 682 ipse
450 597 630 683 princeps
652 597 753 661 iuris
775 594 936 662 iurandi
956 597 1048 683 fuit,

198 685 303 761 Quod
326 687 457 750 omnes
482 685 609 769 scitis,
626 686 740 750 solus
763 683 940 769 neglexit
961 685 1093 772 fidem;

197 773 342 838 Furere
364 773 609 856 assimulare,
631 774 677 837 ne
700 773 840 856 coiret,
863 771 1026 839 institit.

198 859 352 937 Quodnr'
371 860 570 925 Palamedi
592 861 797 944 pe‘rspicax
819 862 1026 945 prudentia

197 947 321 1013 Istius
344 952 551 1032 percepset
574 948 813 1013 malitiosam
842 949 1057 1033 audaciam,

198 1036 290 1101 Fide'
313 1040 490 1101 sacratae
512 1036 572 1099 ius
596 1040 782 1120 perpetuo
804 1036 977 1101 falleret.

152 1123 208 1188 Illi
231 1146 306 1188 vero
330 1146 396 1189 non
419 1124 513 1189 modo
538 1146 610 1188 cum
632 1123 795 1207 hostibus,
822 1146 934 1189 verum
958 1124 1057 1190 etiam
1085 1147 1159 1192 cum

153 1212 317 1296 fluctibus,
346 1212 381 1275 id
407 1212 493 1294 quod
519 1211 606 1295 fecit,
637 1211 789 1276 dimicare
817 1213 933 1276 melius
965 1212 1029 1277 fuit
1062 1236 1159 1298 quam

155 1301 300 1364 deserere
324 1300 577 1364 consentientem
600 1298 768 1364 Graeciam
797 1300 837 1364 ad
859 1301 981 1365 bellum
1008 1302 1159 1366 barbaris

153 1386 362 1452 inferendum.
396 1385 458 1452 Sed
481 1388 670 1452 omittamus
694 1391 726 1451 et
747 1387 877 1453 fabulas
901 1393 934 1453 et
953 1392 1098 1473 externa3
1118 1390 1159 1454 ad

153 1498 223 1540 rem
241 1475 363 1540 factam
383 1480 593 1559 nostramque
612 1475 787 1540 veniamus.
814 1476 857 1540 M.
871 1476 993 1542 Atihus
1012 1477 1158 1563 Regulus

154 1586 226 1628 eum
250 1565 362 1629 consul
383 1565 502 1628 iterum
525 1564 559 1627 in
581 1562 695 1628 Africa
717 1586 755 1627 ex
777 1564 904 1628 insidiis
931 1568 1044 1649 captus
1073 1569 1158 1629 esset

153 1652 231 1716 duce
245 1651 435 1735 Xanthippo
449 1651 712 1735 Lacedaemonia
731 1651 927 1736 imperatore
942 1656 1050 1717 autem
1062 1656 1158 1736 patre

153 1739 347 1804 Hannibalis
369 1739 564 1821 Hamilcare,
587 1739 712 1803 iuratus
730 1739 848 1803 missus
872 1743 922 1804 est
941 1741 982 1804 ad
999 1743 1159 1824 senatum,

153 1830 206 1911 ut,
228 1828 292 1891 nisi
314 1826 432 1890 redditi
455 1830 563 1890 essent
585 1825 702 1890 Poenis
726 1827 847 1911 captivi
868 1828 994 1893 nobiles
1017 1828 1158 1912 quidam,

153 1915 273 1980 rediret
299 1915 368 1998 ipse
397 1912 637 1998 Carthaginem.
681 1913 715 1979 ls
743 1937 815 1980 cum
843 1915 981 1981 Romam
1006 1916 1159 2000 venisset,

153 2002 307 2066 utilitatis
331 2001 470 2085 speciem
493 2001 638 2085 videbat,
666 2002 721 2066 sed
749 2025 833 2087 eam,
864 2008 902 2069 ut
930 2025 982 2068 res
1006 2003 1158 2088 declarat,

152 2091 272 2154 falsam
293 2089 461 2172 iudicavit3
493 2111 574 2172 quae
598 2093 668 2154 erat
695 2090 786 2154 talis:
818 2113 949 2156 manere
978 2091 1013 2156 in
1039 2092 1157 2177 patria,

154 2199 224 2241 esse
248 2177 356 2241 domui
379 2197 455 2241 suae
479 2199 550 2241 cum
573 2199 686 2262 uxore,
709 2200 781 2243 cum
804 2179 930 2262 liberis,
953 2201 1051 2262 quam
1074 2179 1159 2244 cala-

154 2265 302 2328 mitatem
326 2265 502 2348 accepisset
524 2265 559 2329 in
581 2266 678 2349 bello,
701 2287 903 2331 communem
921 2267 1071 2332 fortunae
1091 2268 1159 2332 bel-

153 2352 235 2416 licae
257 2352 452 2417 iudicantem
474 2356 584 2417 tenere
608 2354 786 2418 consularis
818 2355 987 2440 dignitatis
1011 2354 1159 2440 gradum.

154 2439 232 2516 Quis
251 2441 330 2506 haec
348 2445 447 2526 negat
466 2463 536 2505 esse
554 2441 670 2506 utilia?
694 2463 789 2526 quem
809 2443 941 2508 censes?
964 2442 1157 2528 Magnitudo

155 2528 254 2593 animi
277 2533 310 2593 et
331 2528 489 2594 fortitudo
512 2533 619 2614 negat.

101 2597 152 2724 {070
219 2615 308 2681 Num
330 2618 558 2702 locupletiores
581 2617 709 2699 quaeris
733 2617 903 2681 auctores?
926 2616 1052 2682 Harum
1071 2617 1159 2683 enim

154 2709 204 2769 est
220 2706 377 2770 virtutum
391 2705 558 2790 proprium
572 2704 656 2767 nihil
666 2705 882 2789 extimescere,
893 2705 1001 2770 omnia
1014 2706 1160 2771 humana

153 2794 329 2877 despicere,
355 2793 451 2876 nihil,
478 2792 564 2875 quod
586 2791 711 2857 homini
733 2793 876 2857 accidere
898 2793 1017 2878 possit,
1043 2794 1159 2859 intole-

152 2882 289 2946 randum
311 2884 434 2965 putare.
469 2880 585 2965 Itaque
608 2881 684 2964 quid
706 2880 804 2946 fecit?
830 2880 871 2945 ln
893 2885 1041 2946 senatum
1058 2882 1159 2966 venit,

152 2968 307 3032 mandata
334 2967 495 3052 exposuit,
527 2969 721 3033 sententiam
749 2990 790 3032 ne
823 2969 955 3054 diceret,
986 2970 1159 3055 recusavit,

153 3078 251 3139 quam
274 3055 328 3119 diu
355 3056 424 3120 iure
450 3055 585 3120 iurando
613 3056 758 3121 hostium
786 3060 964 3142 teneretur,
993 3079 1060 3121 non
1087 3080 1159 3124 esse

153 3165 187 3208 se
203 3147 394 3209 senatorem.
424 3143 532 3227 Atque
545 3144 627 3207 illud
641 3144 740 3208 etiam
757 3140 804 3231 (³0
820 3146 957 3210 stultum
971 3145 1159 3229 hominem',

153 3231 269 3295 dixerit
284 3230 453 3316 quispiam,
468 3232 512 3296 ‘et
525 3236 760 3316 repugnantem
773 3233 911 3298 utilitati
925 3255 1002 3298 suae
1008 3232 1052 3319 l'),
1066 3233 1160 3298 reddi

152 3319 298 3403 captivos
325 3318 458 3404 negavit
485 3341 554 3384 esse
581 3321 675 3403 utile3
708 3321 784 3385 illos
817 3322 903 3385 enim
935 3321 1158 3386 adulescentes

152 3428 222 3471 esse
241 3411 274 3472 et
292 3407 395 3472 bonos
411 3407 513 3491 duces,
533 3408 648 3473 seiam
662 3408 843 3473 confectum
858 3413 1030 3475 senectute.
1056 3407 1158 3475 Cuius

63 3442 224 3630 Reum
253 3495 411 3561 valuisset
443 3496 634 3581 auctoritas,
665 3495 786 3582 captiui
815 3497 934 3561 retenti
965 3501 1054 3583 sunt,
1085 3497 1159 3583 ipse
