<?xml version="1.0" encoding="UTF-8"?>
<!DOCTYPE html PUBLIC "-//W3C//DTD XHTML 1.0 Transitional//EN"
    "http://www.w3.org/TR/xhtml1/DTD/xhtml1-transitional.dtd">
<html xmlns="http://www.w3.org/1999/xhtml" xml:lang="en" lang="en">
 <head>
  <title>
</title>
<meta http-equiv="Content-Type" content="text/html;charset=utf-8" />
  <meta name='ocr-system' content='tesseract 3.04.00' />
  <meta name='ocr-capabilities' content='ocr_page ocr_carea ocr_par ocr_line ocrx_word'/>
</head>
<body>
  <div class='ocr_page' id='page_1' title='image "./cicerosphilosop01cicegoog_0255.png"; bbox 0 0 2476 3848; ppageno 0'>
   <div class='ocr_carea' id='block_1_1' title="bbox 574 195 815 261">
    <p class='ocr_par' dir='ltr' id='par_1_1' title="bbox 574 195 815 261">
     <span class='ocr_line' id='line_1_1' title="bbox 574 195 815 261; baseline 0.012 -2"><span class='ocrx_word' id='word_1_1' title='bbox 574 195 815 261; x_wconf 87' lang='lat'><strong>-238-</strong></span> 
     </span>
    </p>
   </div>
   <div class='ocr_carea' id='block_1_2' title="bbox 127 366 1195 3530">
    <p class='ocr_par' dir='ltr' id='par_1_2' title="bbox 127 366 1195 3530">
     <span class='ocr_line' id='line_1_2' title="bbox 186 366 1194 451; baseline 0.003 -19"><span class='ocrx_word' id='word_1_2' title='bbox 186 367 329 451; x_wconf 88' lang='lat' dir='ltr'>quidem,</span> <span class='ocrx_word' id='word_1_3' title='bbox 351 367 407 432; x_wconf 88' lang='lat' dir='ltr'>sed</span> <span class='ocrx_word' id='word_1_4' title='bbox 429 388 495 432; x_wconf 91' lang='lat' dir='ltr'>non</span> <span class='ocrx_word' id='word_1_5' title='bbox 519 366 599 431; x_wconf 85' lang='lat' dir='ltr'>satis</span> <span class='ocrx_word' id='word_1_6' title='bbox 623 367 723 449; x_wconf 90' lang='lat' dir='ltr'>acuti,</span> <span class='ocrx_word' id='word_1_7' title='bbox 745 367 855 431; x_wconf 89' lang='lat' dir='ltr'>fictam</span> <span class='ocrx_word' id='word_1_8' title='bbox 878 370 912 432; x_wconf 89' lang='lat' dir='ltr'>et</span> <span class='ocrx_word' id='word_1_9' title='bbox 930 369 1194 436; x_wconf 76' lang='lat' dir='ltr'>commenticiam</span> 
     </span>
     <span class='ocr_line' id='line_1_3' title="bbox 185 453 1195 540; baseline 0.003 -20"><span class='ocrx_word' id='word_1_10' title='bbox 185 454 332 520; x_wconf 88' lang='lat' dir='ltr'>fabulam</span> <span class='ocrx_word' id='word_1_11' title='bbox 353 455 517 540; x_wconf 78' lang='lat' dir='ltr'>prolatam</span> <span class='ocrx_word' id='word_1_12' title='bbox 540 454 692 519; x_wconf 81' lang='lat' dir='ltr'>dicunta</span> <span class='ocrx_word' id='word_1_13' title='bbox 714 453 866 539; x_wconf 81' lang='lat' dir='ltr'>Platone3</span> <span class='ocrx_word' id='word_1_14' title='bbox 898 456 992 539; x_wconf 83' lang='lat' dir='ltr'>quasi</span> <span class='ocrx_word' id='word_1_15' title='bbox 1023 478 1101 521; x_wconf 86' lang='lat' dir='ltr'>vero</span> <span class='ocrx_word' id='word_1_16' title='bbox 1134 458 1195 523; x_wconf 89' lang='lat' dir='ltr'>ille</span> 
     </span>
     <span class='ocr_line' id='line_1_4' title="bbox 186 542 1193 627; baseline 0.004 -19"><span class='ocrx_word' id='word_1_17' title='bbox 186 547 243 608; x_wconf 86' lang='lat' dir='ltr'>aut</span> <span class='ocrx_word' id='word_1_18' title='bbox 265 542 388 608; x_wconf 85' lang='lat' dir='ltr'>factum</span> <span class='ocrx_word' id='word_1_19' title='bbox 410 543 444 607; x_wconf 93' lang='lat' dir='ltr'>id</span> <span class='ocrx_word' id='word_1_20' title='bbox 466 564 536 608; x_wconf 88' lang='lat' dir='ltr'>csse</span> <span class='ocrx_word' id='word_1_21' title='bbox 560 546 616 608; x_wconf 91' lang='lat' dir='ltr'>aut</span> <span class='ocrx_word' id='word_1_22' title='bbox 638 543 709 608; x_wconf 90' lang='lat' dir='ltr'>fieri</span> <span class='ocrx_word' id='word_1_23' title='bbox 730 542 876 627; x_wconf 86' lang='lat' dir='ltr'>potuisse</span> <span class='ocrx_word' id='word_1_24' title='bbox 900 543 1065 608; x_wconf 86' lang='lat' dir='ltr'>defendat!</span> <span class='ocrx_word' id='word_1_25' title='bbox 1101 544 1193 612; x_wconf 86' lang='lat' dir='ltr'>Haeo</span> 
     </span>
     <span class='ocr_line' id='line_1_5' title="bbox 186 630 1193 715; baseline 0.003 -19"><span class='ocrx_word' id='word_1_26' title='bbox 186 635 236 696; x_wconf 85' lang='lat' dir='ltr'>est</span> <span class='ocrx_word' id='word_1_27' title='bbox 259 632 307 696; x_wconf 89' lang='lat' dir='ltr'>vis</span> <span class='ocrx_word' id='word_1_28' title='bbox 331 631 426 695; x_wconf 90' lang='lat' dir='ltr'>huius</span> <span class='ocrx_word' id='word_1_29' title='bbox 450 631 539 695; x_wconf 92' lang='lat' dir='ltr'>anuli</span> <span class='ocrx_word' id='word_1_30' title='bbox 561 634 595 695; x_wconf 91' lang='lat' dir='ltr'>et</span> <span class='ocrx_word' id='word_1_31' title='bbox 616 630 712 695; x_wconf 90' lang='lat' dir='ltr'>huius</span> <span class='ocrx_word' id='word_1_32' title='bbox 736 630 887 715; x_wconf 87' lang='lat' dir='ltr'>exempli:</span> <span class='ocrx_word' id='word_1_33' title='bbox 916 631 944 695; x_wconf 91' lang='lat' dir='ltr'>si</span> <span class='ocrx_word' id='word_1_34' title='bbox 970 653 1065 696; x_wconf 91' lang='lat' dir='ltr'>nemo</span> <span class='ocrx_word' id='word_1_35' title='bbox 1095 633 1193 699; x_wconf 88' lang='lat' dir='ltr'>scitu·</span> 
     </span>
     <span class='ocr_line' id='line_1_6' title="bbox 185 719 1192 806; baseline 0.002 -22"><span class='ocrx_word' id='word_1_36' title='bbox 185 741 254 802; x_wconf 92' lang='lat' dir='ltr'>rus,</span> <span class='ocrx_word' id='word_1_37' title='bbox 281 741 376 784; x_wconf 90' lang='lat' dir='ltr'>nemo</span> <span class='ocrx_word' id='word_1_38' title='bbox 403 741 444 783; x_wconf 90' lang='lat' dir='ltr'>ne</span> <span class='ocrx_word' id='word_1_39' title='bbox 472 719 692 802; x_wconf 89' lang='lat' dir='ltr'>suspicaturus</span> <span class='ocrx_word' id='word_1_40' title='bbox 722 719 850 803; x_wconf 85' lang='lat' dir='ltr'>quidem</span> <span class='ocrx_word' id='word_1_41' title='bbox 878 719 934 801; x_wconf 89' lang='lat' dir='ltr'>sit,</span> <span class='ocrx_word' id='word_1_42' title='bbox 964 742 1038 784; x_wconf 92' lang='lat' dir='ltr'>cum</span> <span class='ocrx_word' id='word_1_43' title='bbox 1066 720 1192 806; x_wconf 91' lang='lat' dir='ltr'>aliquid</span> 
     </span>
     <span class='ocr_line' id='line_1_7' title="bbox 186 805 1193 891; baseline 0.003 -20"><span class='ocrx_word' id='word_1_44' title='bbox 186 807 381 890; x_wconf 85' lang='lat' dir='ltr'>divitiarum,</span> <span class='ocrx_word' id='word_1_45' title='bbox 404 807 578 891; x_wconf 87' lang='lat' dir='ltr'>potentiae,</span> <span class='ocrx_word' id='word_1_46' title='bbox 601 805 840 890; x_wconf 89' lang='lat' dir='ltr'>dominationis,</span> <span class='ocrx_word' id='word_1_47' title='bbox 862 805 1006 871; x_wconf 91' lang='lat' dir='ltr'>libidinis</span> <span class='ocrx_word' id='word_1_48' title='bbox 1029 808 1193 874; x_wconf 80' lang='lat' dir='ltr'>causale</span> 
     </span>
     <span class='ocr_line' id='line_1_8' title="bbox 186 894 1193 981; baseline 0.002 -21"><span class='ocrx_word' id='word_1_49' title='bbox 186 895 282 977; x_wconf 90' lang='lat' dir='ltr'>ceris,</span> <span class='ocrx_word' id='word_1_50' title='bbox 318 895 347 959; x_wconf 90' lang='lat' dir='ltr'>si</span> <span class='ocrx_word' id='word_1_51' title='bbox 377 894 411 958; x_wconf 92' lang='lat' dir='ltr'>id</span> <span class='ocrx_word' id='word_1_52' title='bbox 442 894 492 958; x_wconf 90' lang='lat' dir='ltr'>dis</span> <span class='ocrx_word' id='word_1_53' title='bbox 525 894 774 978; x_wconf 84' lang='lat' dir='ltr'>hominibusque</span> <span class='ocrx_word' id='word_1_54' title='bbox 809 895 956 960; x_wconf 87' lang='lat' dir='ltr'>futurum</span> <span class='ocrx_word' id='word_1_55' title='bbox 988 895 1032 959; x_wconf 88' lang='lat' dir='ltr'>sit</span> <span class='ocrx_word' id='word_1_56' title='bbox 1064 917 1193 981; x_wconf 86' lang='lat' dir='ltr'>semper</span> 
     </span>
     <span class='ocr_line' id='line_1_9' title="bbox 185 980 1193 1068; baseline 0.003 -21"><span class='ocrx_word' id='word_1_57' title='bbox 185 983 348 1068; x_wconf 89' lang='lat' dir='ltr'>ignotum,</span> <span class='ocrx_word' id='word_1_58' title='bbox 372 981 458 1046; x_wconf 91' lang='lat' dir='ltr'>sisne</span> <span class='ocrx_word' id='word_1_59' title='bbox 480 981 634 1046; x_wconf 88' lang='lat' dir='ltr'>facturus.</span> <span class='ocrx_word' id='word_1_60' title='bbox 678 980 811 1068; x_wconf 82' lang='lat' dir='ltr'>Negant</span> <span class='ocrx_word' id='word_1_61' title='bbox 832 982 867 1046; x_wconf 92' lang='lat' dir='ltr'>id</span> <span class='ocrx_word' id='word_1_62' title='bbox 888 983 960 1047; x_wconf 90' lang='lat' dir='ltr'>fieri</span> <span class='ocrx_word' id='word_1_63' title='bbox 981 1004 1087 1067; x_wconf 88' lang='lat' dir='ltr'>posse.</span> <span class='ocrx_word' id='word_1_64' title='bbox 1129 983 1193 1050; x_wconf 87' lang='lat' dir='ltr'>Ne·</span> 
     </span>
     <span class='ocr_line' id='line_1_10' title="bbox 186 1070 1194 1159; baseline 0.002 -24"><span class='ocrx_word' id='word_1_65' title='bbox 186 1092 349 1154; x_wconf 87' lang='lat' dir='ltr'>quaquam</span> <span class='ocrx_word' id='word_1_66' title='bbox 370 1073 481 1154; x_wconf 88' lang='lat' dir='ltr'>potest</span> <span class='ocrx_word' id='word_1_67' title='bbox 502 1070 536 1134; x_wconf 94' lang='lat' dir='ltr'>id</span> <span class='ocrx_word' id='word_1_68' title='bbox 559 1070 701 1155; x_wconf 81' lang='lat' dir='ltr'>quidem3</span> <span class='ocrx_word' id='word_1_69' title='bbox 725 1070 780 1134; x_wconf 88' lang='lat' dir='ltr'>sed</span> <span class='ocrx_word' id='word_1_70' title='bbox 804 1092 937 1155; x_wconf 86' lang='lat' dir='ltr'>quaero,</span> <span class='ocrx_word' id='word_1_71' title='bbox 960 1071 1046 1154; x_wconf 94' lang='lat' dir='ltr'>quod</span> <span class='ocrx_word' id='word_1_72' title='bbox 1068 1076 1194 1159; x_wconf 88' lang='lat' dir='ltr'>negant</span> 
     </span>
     <span class='ocr_line' id='line_1_11' title="bbox 184 1157 1191 1244; baseline 0.003 -23"><span class='ocrx_word' id='word_1_73' title='bbox 184 1179 295 1242; x_wconf 90' lang='lat' dir='ltr'>posse,</span> <span class='ocrx_word' id='word_1_74' title='bbox 322 1158 355 1222; x_wconf 94' lang='lat' dir='ltr'>id</span> <span class='ocrx_word' id='word_1_75' title='bbox 383 1157 412 1222; x_wconf 90' lang='lat' dir='ltr'>si</span> <span class='ocrx_word' id='word_1_76' title='bbox 437 1162 562 1242; x_wconf 89' lang='lat' dir='ltr'>posset,</span> <span class='ocrx_word' id='word_1_77' title='bbox 590 1157 743 1243; x_wconf 89' lang='lat' dir='ltr'>quidnam</span> <span class='ocrx_word' id='word_1_78' title='bbox 769 1157 920 1223; x_wconf 82' lang='lat' dir='ltr'>facerent.</span> <span class='ocrx_word' id='word_1_79' title='bbox 965 1157 1118 1244; x_wconf 77' lang='lat' dir='ltr'>Urguent</span> <span class='ocrx_word' id='word_1_80' title='bbox 1139 1183 1191 1224; x_wconf 94' lang='lat' dir='ltr'>ru-</span> 
     </span>
     <span class='ocr_line' id='line_1_12' title="bbox 186 1246 1191 1332; baseline 0.004 -22"><span class='ocrx_word' id='word_1_81' title='bbox 186 1246 266 1311; x_wconf 89' lang='lat' dir='ltr'>stice</span> <span class='ocrx_word' id='word_1_82' title='bbox 289 1267 379 1329; x_wconf 81' lang='lat' dir='ltr'>sane3</span> <span class='ocrx_word' id='word_1_83' title='bbox 401 1250 524 1332; x_wconf 82' lang='lat' dir='ltr'>negant</span> <span class='ocrx_word' id='word_1_84' title='bbox 547 1246 632 1310; x_wconf 92' lang='lat' dir='ltr'>enim</span> <span class='ocrx_word' id='word_1_85' title='bbox 654 1267 750 1330; x_wconf 91' lang='lat' dir='ltr'>posse</span> <span class='ocrx_word' id='word_1_86' title='bbox 774 1248 863 1310; x_wconf 88' lang='lat' dir='ltr'>etin</span> <span class='ocrx_word' id='word_1_87' title='bbox 886 1268 924 1310; x_wconf 87' lang='lat' dir='ltr'>eo</span> <span class='ocrx_word' id='word_1_88' title='bbox 943 1251 1106 1332; x_wconf 83' lang='lat' dir='ltr'>perstant3</span> <span class='ocrx_word' id='word_1_89' title='bbox 1129 1248 1191 1314; x_wconf 89' lang='lat' dir='ltr'>hoc</span> 
     </span>
     <span class='ocr_line' id='line_1_13' title="bbox 185 1331 1191 1420; baseline 0.003 -22"><span class='ocrx_word' id='word_1_90' title='bbox 185 1334 320 1398; x_wconf 84' lang='lat' dir='ltr'>verbum</span> <span class='ocrx_word' id='word_1_91' title='bbox 348 1334 425 1418; x_wconf 91' lang='lat' dir='ltr'>quid</span> <span class='ocrx_word' id='word_1_92' title='bbox 451 1335 573 1418; x_wconf 87' lang='lat' dir='ltr'>valeat,</span> <span class='ocrx_word' id='word_1_93' title='bbox 599 1355 666 1399; x_wconf 91' lang='lat' dir='ltr'>non</span> <span class='ocrx_word' id='word_1_94' title='bbox 688 1334 807 1398; x_wconf 92' lang='lat' dir='ltr'>vident.</span> <span class='ocrx_word' id='word_1_95' title='bbox 852 1331 934 1399; x_wconf 83' lang='lat' dir='ltr'>Cum</span> <span class='ocrx_word' id='word_1_96' title='bbox 957 1334 1043 1398; x_wconf 88' lang='lat' dir='ltr'>enim</span> <span class='ocrx_word' id='word_1_97' title='bbox 1067 1336 1191 1420; x_wconf 91' lang='lat' dir='ltr'>quaeri·</span> 
     </span>
     <span class='ocr_line' id='line_1_14' title="bbox 185 1421 1191 1523; baseline 0.002 -37"><span class='ocrx_word' id='word_1_98' title='bbox 185 1444 271 1505; x_wconf 90' lang='lat' dir='ltr'>mus,</span> <span class='ocrx_word' id='word_1_99' title='bbox 295 1422 323 1486; x_wconf 90' lang='lat' dir='ltr'>si</span> <span class='ocrx_word' id='word_1_100' title='bbox 346 1423 449 1523; x_wconf 81' lang='lat' dir='ltr'>celare</span> <span class='ocrx_word' id='word_1_101' title='bbox 471 1422 612 1506; x_wconf 87' lang='lat' dir='ltr'>possint,</span> <span class='ocrx_word' id='word_1_102' title='bbox 636 1422 712 1506; x_wconf 94' lang='lat' dir='ltr'>quid</span> <span class='ocrx_word' id='word_1_103' title='bbox 734 1421 852 1486; x_wconf 86' lang='lat' dir='ltr'>facturi</span> <span class='ocrx_word' id='word_1_104' title='bbox 875 1422 954 1506; x_wconf 89' lang='lat' dir='ltr'>sint,</span> <span class='ocrx_word' id='word_1_105' title='bbox 980 1444 1047 1487; x_wconf 92' lang='lat' dir='ltr'>non</span> <span class='ocrx_word' id='word_1_106' title='bbox 1066 1425 1191 1507; x_wconf 91' lang='lat' dir='ltr'>quaeri-</span> 
     </span>
     <span class='ocr_line' id='line_1_15' title="bbox 185 1509 1191 1684; baseline 0.002 -22"><span class='ocrx_word' id='word_1_107' title='bbox 185 1509 1191 1684; x_wconf 54' lang='lat' dir='ltr'>slsllltlti,tlhissllltlltthlulltlllt</span> 
     </span>
     <span class='ocr_line' id='line_1_16' title="bbox 184 1685 1191 1771; baseline 0.001 -20"><span class='ocrx_word' id='word_1_108' title='bbox 184 1687 293 1771; x_wconf 89' lang='lat' dir='ltr'>posita</span> <span class='ocrx_word' id='word_1_109' title='bbox 319 1687 477 1770; x_wconf 78' lang='lat' dir='ltr'>facturoS,</span> <span class='ocrx_word' id='word_1_110' title='bbox 510 1686 595 1770; x_wconf 91' lang='lat' dir='ltr'>quod</span> <span class='ocrx_word' id='word_1_111' title='bbox 627 1685 788 1769; x_wconf 85' lang='lat' dir='ltr'>expediat,</span> <span class='ocrx_word' id='word_1_112' title='bbox 819 1685 1019 1750; x_wconf 87' lang='lat' dir='ltr'>facinorosos</span> <span class='ocrx_word' id='word_1_113' title='bbox 1052 1708 1087 1751; x_wconf 90' lang='lat' dir='ltr'>se</span> <span class='ocrx_word' id='word_1_114' title='bbox 1119 1709 1191 1753; x_wconf 89' lang='lat' dir='ltr'>esse</span> 
     </span>
     <span class='ocr_line' id='line_1_17' title="bbox 183 1773 1191 1860; baseline 0.001 -21"><span class='ocrx_word' id='word_1_115' title='bbox 183 1775 358 1858; x_wconf 83' lang='lat' dir='ltr'>fateantur,</span> <span class='ocrx_word' id='word_1_116' title='bbox 378 1775 406 1838; x_wconf 89' lang='lat' dir='ltr'>si</span> <span class='ocrx_word' id='word_1_117' title='bbox 423 1777 556 1859; x_wconf 87' lang='lat' dir='ltr'>negent,</span> <span class='ocrx_word' id='word_1_118' title='bbox 571 1773 680 1838; x_wconf 90' lang='lat' dir='ltr'>omnia</span> <span class='ocrx_word' id='word_1_119' title='bbox 697 1773 807 1856; x_wconf 90' lang='lat' dir='ltr'>turpia</span> <span class='ocrx_word' id='word_1_120' title='bbox 824 1795 931 1857; x_wconf 89' lang='lat' dir='ltr'>perse</span> <span class='ocrx_word' id='word_1_121' title='bbox 949 1773 1022 1858; x_wconf 89' lang='lat' dir='ltr'>ipsa</span> <span class='ocrx_word' id='word_1_122' title='bbox 1034 1773 1191 1860; x_wconf 90' lang='lat' dir='ltr'>fugienda</span> 
     </span>
     <span class='ocr_line' id='line_1_18' title="bbox 186 1859 1190 1944; baseline -0.001 -16"><span class='ocrx_word' id='word_1_123' title='bbox 186 1885 255 1928; x_wconf 88' lang='lat' dir='ltr'>esse</span> <span class='ocrx_word' id='word_1_124' title='bbox 278 1861 461 1927; x_wconf 90' lang='lat' dir='ltr'>concedant.</span> <span class='ocrx_word' id='word_1_125' title='bbox 507 1859 569 1924; x_wconf 82' lang='lat' dir='ltr'>Sed</span> <span class='ocrx_word' id='word_1_126' title='bbox 595 1861 662 1924; x_wconf 92' lang='lat' dir='ltr'>iam</span> <span class='ocrx_word' id='word_1_127' title='bbox 689 1860 730 1924; x_wconf 90' lang='lat' dir='ltr'>ad</span> <span class='ocrx_word' id='word_1_128' title='bbox 751 1861 956 1944; x_wconf 90' lang='lat' dir='ltr'>propositum</span> <span class='ocrx_word' id='word_1_129' title='bbox 978 1867 1190 1928; x_wconf 84' lang='lat' dir='ltr'>revertamur.</span> 
     </span>
     <span class='ocr_line' id='line_1_19' title="bbox 134 1934 1190 2033; baseline 0.003 -20"><span class='ocrx_word' id='word_1_130' title='bbox 134 1934 176 1996; x_wconf 83' lang='lat'>10</span> <span class='ocrx_word' id='word_1_131' title='bbox 251 1949 402 2014; x_wconf 80' lang='lat' dir='ltr'>Incidunt</span> <span class='ocrx_word' id='word_1_132' title='bbox 433 1949 555 2013; x_wconf 89' lang='lat' dir='ltr'>multae</span> <span class='ocrx_word' id='word_1_133' title='bbox 588 1969 683 2033; x_wconf 87' lang='lat' dir='ltr'>saepe</span> <span class='ocrx_word' id='word_1_134' title='bbox 713 1970 842 2031; x_wconf 90' lang='lat' dir='ltr'>causae,</span> <span class='ocrx_word' id='word_1_135' title='bbox 880 1971 961 2032; x_wconf 91' lang='lat' dir='ltr'>quae</span> <span class='ocrx_word' id='word_1_136' title='bbox 994 1952 1190 2016; x_wconf 87' lang='lat' dir='ltr'>conturbent</span> 
     </span>
     <span class='ocr_line' id='line_1_20' title="bbox 150 2011 1190 2123; baseline 0.001 -21"><span class='ocrx_word' id='word_1_137' title='bbox 150 2011 166 2060; x_wconf 87' lang='lat'><strong>⁰</strong></span> <span class='ocrx_word' id='word_1_138' title='bbox 185 2038 311 2102; x_wconf 93' lang='lat' dir='ltr'>animos</span> <span class='ocrx_word' id='word_1_139' title='bbox 333 2036 487 2100; x_wconf 86' lang='lat' dir='ltr'>utilitatis</span> <span class='ocrx_word' id='word_1_140' title='bbox 510 2036 629 2120; x_wconf 88' lang='lat' dir='ltr'>specie,</span> <span class='ocrx_word' id='word_1_141' title='bbox 650 2057 717 2100; x_wconf 93' lang='lat' dir='ltr'>non</span> <span class='ocrx_word' id='word_1_142' title='bbox 740 2058 813 2101; x_wconf 89' lang='lat' dir='ltr'>cum</span> <span class='ocrx_word' id='word_1_143' title='bbox 831 2036 893 2100; x_wconf 92' lang='lat' dir='ltr'>hoc</span> <span class='ocrx_word' id='word_1_144' title='bbox 912 2036 1119 2123; x_wconf 86' lang='lat' dir='ltr'>deliberetur,</span> <span class='ocrx_word' id='word_1_145' title='bbox 1141 2060 1190 2103; x_wconf 77' lang='lat' dir='ltr'>re</span> 
     </span>
     <span class='ocr_line' id='line_1_21' title="bbox 184 2124 1189 2211; baseline 0.003 -22"><span class='ocrx_word' id='word_1_146' title='bbox 184 2124 399 2208; x_wconf 91' lang='lat' dir='ltr'>linquendane</span> <span class='ocrx_word' id='word_1_147' title='bbox 433 2124 476 2189; x_wconf 90' lang='lat' dir='ltr'>sit</span> <span class='ocrx_word' id='word_1_148' title='bbox 503 2124 657 2188; x_wconf 90' lang='lat' dir='ltr'>honestas</span> <span class='ocrx_word' id='word_1_149' title='bbox 684 2128 818 2209; x_wconf 91' lang='lat' dir='ltr'>propter</span> <span class='ocrx_word' id='word_1_150' title='bbox 845 2124 998 2189; x_wconf 85' lang='lat' dir='ltr'>utilitatis</span> <span class='ocrx_word' id='word_1_151' title='bbox 1026 2126 1189 2211; x_wconf 89' lang='lat' dir='ltr'>magnitu-</span> 
     </span>
     <span class='ocr_line' id='line_1_22' title="bbox 185 2209 1189 2298; baseline 0.003 -21"><span class='ocrx_word' id='word_1_152' title='bbox 185 2213 292 2277; x_wconf 89' lang='lat' dir='ltr'>dinem</span> <span class='ocrx_word' id='word_1_153' title='bbox 316 2209 406 2297; x_wconf 85' lang='lat' dir='ltr'>(nam</span> <span class='ocrx_word' id='word_1_154' title='bbox 428 2211 461 2275; x_wconf 96' lang='lat' dir='ltr'>id</span> <span class='ocrx_word' id='word_1_155' title='bbox 480 2212 609 2295; x_wconf 90' lang='lat' dir='ltr'>quidem</span> <span class='ocrx_word' id='word_1_156' title='bbox 626 2212 811 2296; x_wconf 91' lang='lat' dir='ltr'>improbum</span> <span class='ocrx_word' id='word_1_157' title='bbox 829 2211 904 2298; x_wconf 84' lang='lat' dir='ltr'>est),</span> <span class='ocrx_word' id='word_1_158' title='bbox 928 2213 984 2277; x_wconf 89' lang='lat' dir='ltr'>sed</span> <span class='ocrx_word' id='word_1_159' title='bbox 1000 2213 1093 2298; x_wconf 90' lang='lat' dir='ltr'>illud,</span> <span class='ocrx_word' id='word_1_160' title='bbox 1115 2236 1189 2298; x_wconf 89' lang='lat' dir='ltr'>pos-</span> 
     </span>
     <span class='ocr_line' id='line_1_23' title="bbox 184 2299 1189 2385; baseline 0.001 -19"><span class='ocrx_word' id='word_1_161' title='bbox 184 2301 268 2366; x_wconf 88' lang='lat' dir='ltr'>sitne</span> <span class='ocrx_word' id='word_1_162' title='bbox 290 2300 332 2383; x_wconf 92' lang='lat' dir='ltr'>id,</span> <span class='ocrx_word' id='word_1_163' title='bbox 356 2300 441 2385; x_wconf 91' lang='lat' dir='ltr'>quod</span> <span class='ocrx_word' id='word_1_164' title='bbox 464 2300 543 2364; x_wconf 88' lang='lat' dir='ltr'>utile</span> <span class='ocrx_word' id='word_1_165' title='bbox 566 2300 722 2382; x_wconf 85' lang='lat' dir='ltr'>videatur,</span> <span class='ocrx_word' id='word_1_166' title='bbox 744 2299 815 2364; x_wconf 89' lang='lat' dir='ltr'>fieri</span> <span class='ocrx_word' id='word_1_167' title='bbox 836 2321 903 2364; x_wconf 92' lang='lat' dir='ltr'>non</span> <span class='ocrx_word' id='word_1_168' title='bbox 924 2300 1072 2384; x_wconf 89' lang='lat' dir='ltr'>turpiter.</span> <span class='ocrx_word' id='word_1_169' title='bbox 1105 2300 1189 2367; x_wconf 81' lang='lat' dir='ltr'>Cum</span> 
     </span>
     <span class='ocr_line' id='line_1_24' title="bbox 183 2386 1189 2474; baseline 0.002 -21"><span class='ocrx_word' id='word_1_170' title='bbox 183 2387 347 2454; x_wconf 81' lang='lat' dir='ltr'>Collatino</span> <span class='ocrx_word' id='word_1_171' title='bbox 375 2388 519 2474; x_wconf 80' lang='lat' dir='ltr'>collegae</span> <span class='ocrx_word' id='word_1_172' title='bbox 541 2386 663 2453; x_wconf 90' lang='lat' dir='ltr'>Brutus</span> <span class='ocrx_word' id='word_1_173' title='bbox 690 2387 861 2471; x_wconf 90' lang='lat' dir='ltr'>imperium</span> <span class='ocrx_word' id='word_1_174' title='bbox 885 2389 1080 2474; x_wconf 85' lang='lat' dir='ltr'>abrogabat,</span> <span class='ocrx_word' id='word_1_175' title='bbox 1098 2394 1189 2473; x_wconf 86' lang='lat' dir='ltr'>pote·</span> 
     </span>
     <span class='ocr_line' id='line_1_25' title="bbox 182 2475 1187 2563; baseline 0.002 -22"><span class='ocrx_word' id='word_1_176' title='bbox 182 2481 236 2543; x_wconf 89' lang='lat' dir='ltr'>rat</span> <span class='ocrx_word' id='word_1_177' title='bbox 262 2476 364 2540; x_wconf 88' lang='lat' dir='ltr'>videri</span> <span class='ocrx_word' id='word_1_178' title='bbox 389 2475 496 2541; x_wconf 89' lang='lat' dir='ltr'>facere</span> <span class='ocrx_word' id='word_1_179' title='bbox 521 2476 556 2540; x_wconf 92' lang='lat' dir='ltr'>id</span> <span class='ocrx_word' id='word_1_180' title='bbox 583 2476 714 2561; x_wconf 82' lang='lat' dir='ltr'>iniuste3</span> <span class='ocrx_word' id='word_1_181' title='bbox 742 2475 848 2540; x_wconf 85' lang='lat' dir='ltr'>fuerat</span> <span class='ocrx_word' id='word_1_182' title='bbox 880 2476 965 2540; x_wconf 87' lang='lat' dir='ltr'>enim</span> <span class='ocrx_word' id='word_1_183' title='bbox 992 2477 1027 2540; x_wconf 93' lang='lat' dir='ltr'>in</span> <span class='ocrx_word' id='word_1_184' title='bbox 1053 2478 1187 2563; x_wconf 89' lang='lat' dir='ltr'>regibus</span> 
     </span>
     <span class='ocr_line' id='line_1_26' title="bbox 183 2561 1189 2650; baseline 0 -20"><span class='ocrx_word' id='word_1_185' title='bbox 183 2564 379 2650; x_wconf 83' lang='lat' dir='ltr'>expellendis</span> <span class='ocrx_word' id='word_1_186' title='bbox 403 2564 508 2629; x_wconf 91' lang='lat' dir='ltr'>socius</span> <span class='ocrx_word' id='word_1_187' title='bbox 530 2562 627 2628; x_wconf 91' lang='lat' dir='ltr'>Bruti</span> <span class='ocrx_word' id='word_1_188' title='bbox 649 2563 857 2629; x_wconf 88' lang='lat' dir='ltr'>consiliorum</span> <span class='ocrx_word' id='word_1_189' title='bbox 880 2567 914 2627; x_wconf 87' lang='lat' dir='ltr'>et</span> <span class='ocrx_word' id='word_1_190' title='bbox 931 2561 1068 2629; x_wconf 91' lang='lat' dir='ltr'>adiutor.</span> <span class='ocrx_word' id='word_1_191' title='bbox 1105 2563 1189 2630; x_wconf 83' lang='lat' dir='ltr'>(lum</span> 
     </span>
     <span class='ocr_line' id='line_1_27' title="bbox 182 2651 1188 2737; baseline -0.001 -19"><span class='ocrx_word' id='word_1_192' title='bbox 182 2657 290 2718; x_wconf 90' lang='lat' dir='ltr'>autem</span> <span class='ocrx_word' id='word_1_193' title='bbox 314 2652 485 2717; x_wconf 89' lang='lat' dir='ltr'>consilium</span> <span class='ocrx_word' id='word_1_194' title='bbox 502 2651 565 2717; x_wconf 89' lang='lat' dir='ltr'>hoc</span> <span class='ocrx_word' id='word_1_195' title='bbox 581 2651 743 2736; x_wconf 89' lang='lat' dir='ltr'>principes</span> <span class='ocrx_word' id='word_1_196' title='bbox 762 2651 937 2735; x_wconf 88' lang='lat' dir='ltr'>cepissent,</span> <span class='ocrx_word' id='word_1_197' title='bbox 959 2652 1188 2737; x_wconf 86' lang='lat' dir='ltr'>cognationem</span> 
     </span>
     <span class='ocr_line' id='line_1_28' title="bbox 182 2739 1188 2827; baseline -0.001 -21"><span class='ocrx_word' id='word_1_198' title='bbox 182 2741 320 2826; x_wconf 87' lang='lat' dir='ltr'>Superbi</span> <span class='ocrx_word' id='word_1_199' title='bbox 342 2761 523 2824; x_wconf 90' lang='lat' dir='ltr'>nomenque</span> <span class='ocrx_word' id='word_1_200' title='bbox 547 2739 795 2823; x_wconf 83' lang='lat' dir='ltr'>Tarquiniorum</span> <span class='ocrx_word' id='word_1_201' title='bbox 824 2742 856 2803; x_wconf 85' lang='lat' dir='ltr'>et</span> <span class='ocrx_word' id='word_1_202' title='bbox 879 2740 1071 2805; x_wconf 92' lang='lat' dir='ltr'>memoriam</span> <span class='ocrx_word' id='word_1_203' title='bbox 1093 2742 1188 2827; x_wconf 86' lang='lat' dir='ltr'>regni</span> 
     </span>
     <span class='ocr_line' id='line_1_29' title="bbox 182 2826 1188 2912; baseline -0.002 -17"><span class='ocrx_word' id='word_1_204' title='bbox 182 2851 252 2895; x_wconf 90' lang='lat' dir='ltr'>csse</span> <span class='ocrx_word' id='word_1_205' title='bbox 275 2829 466 2909; x_wconf 88' lang='lat' dir='ltr'>tollendam,</span> <span class='ocrx_word' id='word_1_206' title='bbox 490 2827 576 2911; x_wconf 91' lang='lat' dir='ltr'>quod</span> <span class='ocrx_word' id='word_1_207' title='bbox 598 2831 668 2891; x_wconf 91' lang='lat' dir='ltr'>erat</span> <span class='ocrx_word' id='word_1_208' title='bbox 690 2827 783 2910; x_wconf 90' lang='lat' dir='ltr'>utile,</span> <span class='ocrx_word' id='word_1_209' title='bbox 805 2826 932 2910; x_wconf 91' lang='lat' dir='ltr'>patriae</span> <span class='ocrx_word' id='word_1_210' title='bbox 955 2829 1132 2912; x_wconf 88' lang='lat' dir='ltr'>consulere,</span> <span class='ocrx_word' id='word_1_211' title='bbox 1155 2829 1188 2893; x_wconf 95' lang='lat' dir='ltr'>id</span> 
     </span>
     <span class='ocr_line' id='line_1_30' title="bbox 182 2912 1187 3000; baseline 0 -18"><span class='ocrx_word' id='word_1_212' title='bbox 182 2920 252 2982; x_wconf 91' lang='lat' dir='ltr'>erat</span> <span class='ocrx_word' id='word_1_213' title='bbox 279 2917 327 2980; x_wconf 90' lang='lat' dir='ltr'>ita</span> <span class='ocrx_word' id='word_1_214' title='bbox 353 2916 540 2993; x_wconf 86' lang='lat' dir='ltr'>honestum,</span> <span class='ocrx_word' id='word_1_215' title='bbox 571 2919 608 2979; x_wconf 93' lang='lat' dir='ltr'>ut</span> <span class='ocrx_word' id='word_1_216' title='bbox 640 2914 739 2979; x_wconf 90' lang='lat' dir='ltr'>etiam</span> <span class='ocrx_word' id='word_1_217' title='bbox 770 2914 834 3000; x_wconf 88' lang='lat' dir='ltr'>ipsi</span> <span class='ocrx_word' id='word_1_218' title='bbox 861 2912 1025 2980; x_wconf 83' lang='lat' dir='ltr'>Collatino</span> <span class='ocrx_word' id='word_1_219' title='bbox 1058 2916 1187 3000; x_wconf 88' lang='lat' dir='ltr'>placere</span> 
     </span>
     <span class='ocr_line' id='line_1_31' title="bbox 182 3003 1189 3089; baseline 0.001 -22"><span class='ocrx_word' id='word_1_220' title='bbox 182 3003 321 3068; x_wconf 77' lang='lat' dir='ltr'>deberet.</span> <span class='ocrx_word' id='word_1_221' title='bbox 365 3003 480 3087; x_wconf 87' lang='lat' dir='ltr'>Itaque</span> <span class='ocrx_word' id='word_1_222' title='bbox 512 3003 639 3068; x_wconf 91' lang='lat' dir='ltr'>utilitas</span> <span class='ocrx_word' id='word_1_223' title='bbox 671 3003 775 3069; x_wconf 83' lang='lat' dir='ltr'>valuit</span> <span class='ocrx_word' id='word_1_224' title='bbox 805 3007 940 3088; x_wconf 90' lang='lat' dir='ltr'>propter</span> <span class='ocrx_word' id='word_1_225' title='bbox 971 3003 1189 3089; x_wconf 88' lang='lat' dir='ltr'>honestatem,</span> 
     </span>
     <span class='ocr_line' id='line_1_32' title="bbox 182 3091 1187 3175; baseline 0.001 -19"><span class='ocrx_word' id='word_1_226' title='bbox 182 3092 250 3156; x_wconf 89' lang='lat' dir='ltr'>sinc</span> <span class='ocrx_word' id='word_1_227' title='bbox 274 3112 338 3173; x_wconf 92' lang='lat' dir='ltr'>qua</span> <span class='ocrx_word' id='word_1_228' title='bbox 360 3113 400 3155; x_wconf 89' lang='lat' dir='ltr'>ne</span> <span class='ocrx_word' id='word_1_229' title='bbox 422 3091 549 3156; x_wconf 90' lang='lat' dir='ltr'>utilitas</span> <span class='ocrx_word' id='word_1_230' title='bbox 573 3092 702 3175; x_wconf 91' lang='lat' dir='ltr'>quidem</span> <span class='ocrx_word' id='word_1_231' title='bbox 725 3113 794 3156; x_wconf 88' lang='lat' dir='ltr'>esse</span> <span class='ocrx_word' id='word_1_232' title='bbox 816 3091 986 3175; x_wconf 90' lang='lat' dir='ltr'>potuisset.</span> <span class='ocrx_word' id='word_1_233' title='bbox 1022 3091 1070 3156; x_wconf 89' lang='lat' dir='ltr'>At</span> <span class='ocrx_word' id='word_1_234' title='bbox 1091 3093 1126 3156; x_wconf 93' lang='lat' dir='ltr'>in</span> <span class='ocrx_word' id='word_1_235' title='bbox 1150 3114 1187 3157; x_wconf 92' lang='lat' dir='ltr'>eo</span> 
     </span>
     <span class='ocr_line' id='line_1_33' title="bbox 127 3178 1188 3264; baseline 0.003 -21"><span class='ocrx_word' id='word_1_236' title='bbox 127 3196 160 3243; x_wconf 86' lang='lat'>41</span> <span class='ocrx_word' id='word_1_237' title='bbox 181 3199 271 3263; x_wconf 89' lang='lat' dir='ltr'>rege,</span> <span class='ocrx_word' id='word_1_238' title='bbox 303 3178 359 3260; x_wconf 91' lang='lat' dir='ltr'>qui</span> <span class='ocrx_word' id='word_1_239' title='bbox 390 3180 503 3244; x_wconf 89' lang='lat' dir='ltr'>urbem</span> <span class='ocrx_word' id='word_1_240' title='bbox 535 3179 690 3263; x_wconf 91' lang='lat' dir='ltr'>condidit,</span> <span class='ocrx_word' id='word_1_241' title='bbox 721 3201 787 3244; x_wconf 92' lang='lat' dir='ltr'>non</span> <span class='ocrx_word' id='word_1_242' title='bbox 817 3179 910 3263; x_wconf 81' lang='lat' dir='ltr'>item3</span> <span class='ocrx_word' id='word_1_243' title='bbox 942 3180 1065 3264; x_wconf 90' lang='lat' dir='ltr'>species</span> <span class='ocrx_word' id='word_1_244' title='bbox 1101 3181 1188 3246; x_wconf 88' lang='lat' dir='ltr'>enim</span> 
     </span>
     <span class='ocr_line' id='line_1_34' title="bbox 180 3265 1188 3352; baseline 0.004 -22"><span class='ocrx_word' id='word_1_245' title='bbox 180 3265 336 3330; x_wconf 88' lang='lat' dir='ltr'>utilitatis</span> <span class='ocrx_word' id='word_1_246' title='bbox 363 3267 507 3332; x_wconf 92' lang='lat' dir='ltr'>animum</span> <span class='ocrx_word' id='word_1_247' title='bbox 534 3268 660 3352; x_wconf 90' lang='lat' dir='ltr'>pepulit</span> <span class='ocrx_word' id='word_1_248' title='bbox 683 3268 764 3351; x_wconf 82' lang='lat' dir='ltr'>eius3</span> <span class='ocrx_word' id='word_1_249' title='bbox 791 3267 842 3332; x_wconf 92' lang='lat' dir='ltr'>cui</span> <span class='ocrx_word' id='word_1_250' title='bbox 869 3290 942 3333; x_wconf 89' lang='lat' dir='ltr'>cum</span> <span class='ocrx_word' id='word_1_251' title='bbox 969 3268 1076 3333; x_wconf 86' lang='lat' dir='ltr'>visum</span> <span class='ocrx_word' id='word_1_252' title='bbox 1100 3272 1188 3334; x_wconf 86' lang='lat' dir='ltr'>esset</span> 
     </span>
     <span class='ocr_line' id='line_1_35' title="bbox 179 3353 1186 3440; baseline 0.003 -21"><span class='ocrx_word' id='word_1_253' title='bbox 179 3353 292 3419; x_wconf 89' lang='lat' dir='ltr'>utilius</span> <span class='ocrx_word' id='word_1_254' title='bbox 316 3353 423 3419; x_wconf 90' lang='lat' dir='ltr'>solum</span> <span class='ocrx_word' id='word_1_255' title='bbox 451 3378 548 3439; x_wconf 91' lang='lat' dir='ltr'>quam</span> <span class='ocrx_word' id='word_1_256' title='bbox 576 3377 649 3420; x_wconf 91' lang='lat' dir='ltr'>cum</span> <span class='ocrx_word' id='word_1_257' title='bbox 672 3357 774 3420; x_wconf 92' lang='lat' dir='ltr'>altero</span> <span class='ocrx_word' id='word_1_258' title='bbox 797 3376 947 3440; x_wconf 89' lang='lat' dir='ltr'>regnare,</span> <span class='ocrx_word' id='word_1_259' title='bbox 974 3355 1113 3422; x_wconf 88' lang='lat' dir='ltr'>fratrem</span> <span class='ocrx_word' id='word_1_260' title='bbox 1139 3357 1186 3422; x_wconf 88' lang='lat' dir='ltr'>in-</span> 
     </span>
     <span class='ocr_line' id='line_1_36' title="bbox 168 3440 1188 3530; baseline 0.006 -26"><span class='ocrx_word' id='word_1_261' title='bbox 168 3442 310 3507; x_wconf 77' lang='lat' dir='ltr'>teremit,</span> <span class='ocrx_word' id='word_1_262' title='bbox 360 3440 480 3510; x_wconf 85' lang='lat' dir='ltr'>Omisit</span> <span class='ocrx_word' id='word_1_263' title='bbox 502 3443 556 3510; x_wconf 88' lang='lat' dir='ltr'>hic</span> <span class='ocrx_word' id='word_1_264' title='bbox 583 3445 616 3509; x_wconf 88' lang='lat' dir='ltr'>et</span> <span class='ocrx_word' id='word_1_265' title='bbox 641 3443 796 3530; x_wconf 88' lang='lat' dir='ltr'>pictatem</span> <span class='ocrx_word' id='word_1_266' title='bbox 819 3447 852 3507; x_wconf 91' lang='lat' dir='ltr'>et</span> <span class='ocrx_word' id='word_1_267' title='bbox 874 3443 1126 3528; x_wconf 91' lang='lat' dir='ltr'>humanitatem,</span> <span class='ocrx_word' id='word_1_268' title='bbox 1149 3448 1188 3510; x_wconf 89' lang='lat' dir='ltr'>ut</span> 
     </span>
    </p>
   </div>
   <div class='ocr_carea' id='block_1_3' title="bbox 92 3434 1197 3632">
    <p class='ocr_par' dir='ltr' id='par_1_3' title="bbox 92 3434 1197 3632">
     <span class='ocr_line' id='line_1_37' title="bbox 92 3434 1197 3632; baseline -0.001 -36"><span class='ocrx_word' id='word_1_269' title='bbox 92 3434 197 3632; x_wconf 60' lang='lat' dir='ltr'>&#39;1&#39;ss,</span> <span class='ocrx_word' id='word_1_270' title='bbox 231 3533 326 3614; x_wconf 88' lang='lat' dir='ltr'>quod</span> <span class='ocrx_word' id='word_1_271' title='bbox 353 3534 439 3602; x_wconf 87' lang='lat' dir='ltr'>utile</span> <span class='ocrx_word' id='word_1_272' title='bbox 472 3534 653 3605; x_wconf 86' lang='lat' dir='ltr'>videbatur</span> <span class='ocrx_word' id='word_1_273' title='bbox 680 3554 789 3618; x_wconf 88' lang='lat' dir='ltr'>neque</span> <span class='ocrx_word' id='word_1_274' title='bbox 812 3535 900 3613; x_wconf 76' lang='lat' dir='ltr'>erat,</span> <span class='ocrx_word' id='word_1_275' title='bbox 921 3532 1054 3610; x_wconf 68' lang='lat' dir='ltr'>asseop&#39;i</span> <span class='ocrx_word' id='word_1_276' title='bbox 1069 3536 1197 3612; x_wconf 69' lang='lat' dir='ltr'>posset,</span> 
     </span>
    </p>
   </div>
   <div class='ocr_carea' id='block_1_4' title="bbox 0 0 1242 3848">
    <p class='ocr_par' dir='ltr' id='par_1_4' title="bbox 0 0 1242 3848">
     <span class='ocr_line' id='line_1_38' title="bbox 0 0 1242 3848; baseline 0 2"><span class='ocrx_word' id='word_1_277' title='bbox 0 0 1242 3848; x_wconf 95' lang='lat' dir='ltr'> </span> 
     </span>
    </p>
   </div>
  </div>
 </body>
</html>
