2476 3848
529 174 768 236 -414-

188 329 393 396 Reddenda
411 333 537 395 terrae
556 333 614 395 est
631 331 748 414 terra,
770 335 850 394 tum
868 330 950 395 vita
973 329 1157 401 omnibus

187 417 379 500 Mctdnda,
403 422 444 483 ut
466 417 609 503 fruges.
655 415 716 482 Sic
738 417 847 482 iubet
869 417 1108 484 Necessitas.

90 592 125 642 co
144 574 297 662 Negabat
319 598 420 662 genus
443 576 506 641 hoo
529 575 686 641 orationis
706 576 878 660 quicquam
896 575 1028 642 omnino
1047 576 1089 640 ad
1107 576 1156 642 le·

142 664 283 729 vandam
303 663 537 749 aegritudinem
555 663 724 748 pertinere.
759 663 798 728 Id
816 665 901 728 enim
920 665 1027 748 ipsum
1041 664 1156 729 dolen-

142 751 219 817 dum
242 773 313 817 ease
331 753 469 835 dicebat,
492 752 576 836 quod
598 752 723 816 intem
746 751 905 817 crudelem
922 751 1156 818 necessitatem

144 840 380 923 incidissemus3
403 861 481 904 nam
497 839 588 904 illam
610 840 739 923 quidem
759 840 936 905 orationem
954 862 993 904 ex
1013 861 1155 904 comme-

142 927 322 994 moratione
354 929 532 992 alienorum
567 928 726 993 malorum
759 928 798 992 ad
835 928 1004 994 malivolos
1036 949 1153 993 conso-

141 1016 255 1081 landos
279 1037 348 1080 csse
372 1016 656 1081 accommodatam.
701 1014 785 1079 Mihi
808 1037 884 1081 vero
906 1015 1004 1099 longe
1022 1015 1155 1081 videtur

143 1101 264 1167 secus(
295 1102 379 1168 Nam
413 1108 444 1166 ct
476 1104 652 1168 necessitas
683 1103 832 1167 ferendae
863 1103 1058 1169 condicionis
1091 1104 1153 1169 hu·

141 1211 257 1255 manae
280 1191 373 1275 quasi
402 1212 473 1256 cum
501 1191 561 1256 deo
587 1212 731 1276 pugnare
757 1191 909 1275 prohibet
935 1192 1153 1276 admonetque

142 1300 215 1343 csse
238 1279 416 1363 hominem,
449 1301 529 1363 quae
557 1280 714 1363 cogitatio
746 1300 864 1363 magno
897 1300 993 1364 opere
1024 1280 1151 1345 luctum

140 1366 242 1451 levat,
275 1370 308 1431 et
340 1367 537 1433 enumeratio
569 1366 803 1450 exemplorum,
837 1388 903 1431 non
935 1372 972 1432 ut
1004 1367 1149 1432 animum

142 1456 368 1520 malivolorum
387 1456 535 1537 oblectet,
556 1454 707 1538 adfertur,
731 1456 786 1519 sed
804 1459 841 1519 ut
859 1455 924 1536 ille,
943 1457 998 1539 qui
1016 1460 1153 1541 maeret,

140 1542 311 1608 ferundum
330 1544 394 1608 sibi
411 1544 444 1607 id
459 1546 596 1628 censeat,
614 1543 699 1627 quod
718 1542 826 1608 videat
843 1543 965 1607 multos
983 1543 1153 1609 moderate

141 1635 175 1696 ct
193 1632 369 1715 tranquille
390 1632 512 1697 tulisse.
