2476 3848
476 185 629 250 -409
675 222 715 233 -

93 342 211 427 facere,
237 343 288 407 cui
315 343 484 407 minimum
511 364 581 407 esse
603 342 730 409 ridetur
756 344 790 407 in
819 345 881 409 hae
907 366 1005 410 causa
1025 346 1098 430 loci,

93 452 175 513 qnae
198 433 308 495 tamen
329 431 378 494 ita
400 431 485 496 dicet
503 431 674 514 dupliciter
696 451 767 496 esse
785 435 818 496 te
836 432 1001 515 iniustum,
1025 454 1098 497 cum

93 522 125 582 et
153 518 295 583 alienum
322 518 469 603 adpetes,
496 520 551 602 qui
577 519 726 584 mortalis
753 523 849 584 natus
877 520 1097 585 condicionem

92 606 239 688 postules
261 607 481 670 inmortalium
505 609 538 670 et
560 607 703 691 graviter
726 606 810 671 feras
833 610 875 690 te,
899 608 983 692 quod
1007 612 1096 672 uten-

92 693 168 758 dum
196 694 369 777 acceperis,
395 693 581 759 reddidisse.
626 694 819 759 Prudentiae
847 717 921 760 vero
949 695 1026 779 quid
1049 716 1096 759 re·
1116 717 1149 766 ιι

92 781 265 866 spondebis
288 782 416 847 docenti
438 783 591 848 virtutem
615 803 685 846 sere
712 804 781 847 esse
808 787 1006 868 contentam,
1034 805 1097 867 quo

92 869 187 934 modo
212 870 252 934 ad
275 870 358 934 bene
386 870 569 953 vivendum,
593 870 638 935 sic
661 871 760 934 etiarn
783 871 823 936 ad
846 871 964 936 beate?
1009 870 1098 946 Quae

93 958 121 1021 si
145 957 343 1022 extrinsecus
366 958 505 1042 religata
526 958 665 1041 pendeat
684 961 717 1022 et
735 980 800 1023 non
823 963 856 1023 et
879 959 1002 1024 oriatur
1026 981 1045 1023 a
1064 980 1098 1025 se

92 1049 126 1110 et
152 1067 264 1109 rursus
292 1045 333 1109 ad
361 1067 395 1110 se
422 1049 605 1110 revertatur
636 1049 670 1110 et
700 1048 809 1111 omnia
840 1069 903 1111 sua
931 1047 1100 1130 complexa

91 1133 173 1196 nihil
203 1137 339 1217 quaerat
367 1133 507 1216 aliunde,
534 1155 601 1198 non
626 1133 798 1218 intellego,
824 1156 880 1199 cnr
909 1138 965 1200 aut
992 1133 1098 1199 verbis

42 1302 44 1308 A
91 1226 160 1285 tam
184 1220 355 1286 vehement
341 1225 391 1284 ter
414 1221 558 1286 ornanda
586 1225 642 1285 aut
668 1243 702 1285 re
731 1225 900 1304 tantopere
924 1227 1017 1305 expet
1003 1222 1100 1286 etnda

92 1308 257 1374 videatur?
311 1306 364 1371 Ad
395 1308 475 1372 haec
508 1309 594 1373 bona
623 1330 674 1372 me
705 1309 733 1372 si
767 1331 914 1387 revocas,
950 1310 1099 1393 Epicure,

92 1419 204 1481 pareo,
237 1417 367 1480 sequor,
398 1400 473 1460 utor
503 1399 535 1460 te
567 1397 638 1478 ipso
670 1395 762 1479 duce,
795 1360 968 1461 oblividcor
1000 1398 1099 1460 etiam

92 1485 265 1568 malorum,
296 1488 333 1548 ut
364 1483 468 1567 iubes,
500 1504 602 1567 eoque
634 1446 774 1564 facilius',
806 1483 891 1567 quod
923 1505 961 1547 ea
992 1506 1032 1548 ne
1063 1484 1098 1547 in

91 1573 186 1637 malis
223 1571 351 1656 quidem
388 1570 535 1654 ponenda
571 1591 694 1636 censeo.
744 1567 806 1635 Sed
838 1571 980 1635 traducis
1013 1571 1099 1654 cogi-

91 1660 232 1726 tationes
255 1682 344 1725 meas
368 1659 409 1723 ad
433 1659 625 1742 voluptates.
662 1658 770 1734 Quas?
808 1656 970 1742 Corporis,
993 1659 1097 1737 credo,

92 1752 148 1813 aut
179 1769 261 1832 quae
293 1751 426 1832 propter
457 1768 576 1832 corpus
609 1747 660 1812 vel
696 1746 917 1812 recordatione
954 1747 1004 1810 vel
1041 1767 1099 1828 spe

91 1837 164 1922 cogi
164 1840 283 1902 t.entur
330 1834 516 1920 Numquid
540 1841 590 1899 est
612 1833 721 1899 aliud?
749 1838 817 1899 rect
819 1857 877 1899 ene
905 1835 1098 1918 interpretor

92 1925 229 1990 sentent'
220 1928 327 1988 ramt
313 1924 426 1988 tuam?
471 1921 584 1990 Solent
613 1922 698 1987 enim
727 1921 782 1986 isti
814 1943 933 2007 negare
964 1944 1024 1987 nos
1051 1923 1098 1986 in·

90 2012 254 2096 tellegere,
277 2011 354 2094 quid
378 2012 465 2077 dicat
486 2010 654 2096 Epicurus.
699 2009 770 2077 Hoc
794 2011 880 2094 dicit,
858 2015 936 2075 tet
957 2011 1018 2075 hoc
1041 2010 1150 2079 illese

91 2101 247 2165 acriculus
281 2120 332 2162 me
364 2099 512 2164 audiente
534 2099 672 2164 Athenis
705 2120 802 2163 senex
829 2097 970 2182 Zeno,
961 2102 1098 2163 1storum

92 2187 309 2268 acutissimus,
332 2187 523 2251 contendere
546 2192 580 2252 et
597 2207 717 2269 magna
734 2208 812 2252 voce
835 2188 939 2252 dicere
963 2187 1097 2269 solebat,

91 2296 165 2338 eum
179 2294 250 2338 esse
267 2273 408 2357 beatum,
427 2273 482 2356 qui
500 2274 724 2355 praesentibus
739 2275 960 2358 voluptatibus
979 2274 1098 2338 fruere

91 2366 146 2425 tur
177 2359 413 2443 confideretque
445 2381 480 2424 se
511 2360 684 2425 fruiturum
717 2366 773 2424 aut
800 2363 833 2424 in
865 2363 953 2426 omni
980 2367 1037 2426 aut
1064 2362 1099 2424 in

92 2470 211 2532 magna
242 2452 333 2531 parte
362 2448 447 2512 vitae
478 2447 589 2513 dolore
620 2469 686 2513 non
712 2448 945 2512 interveniente
972 2452 1041 2530 aut,
1069 2448 1097 2511 si

91 2537 312 2620 interveniret,
344 2535 372 2600 si
400 2557 544 2599 summus
572 2535 670 2616 foret,
702 2535 752 2598 fut
738 2540 844 2599 turum
874 2536 1016 2617 brevem,
1047 2534 1097 2597 sin

90 2626 290 2778 prodtuctior,
312 2624 385 2709 plus
412 2623 507 2688 habit
493 2627 599 2687 turum
627 2623 756 2687 iucundi
779 2645 875 2707 quam
904 2622 991 2706 mali3
1019 2623 1097 2686 haec

92 2714 223 2815 cogitem
181 2717 290 2778 erilem
318 2712 387 2777 fore
415 2713 491 2776 beat
492 2733 562 2794 um,
594 2710 784 2795 praesertim
811 2711 840 2774 si
867 2712 900 2774 et
927 2719 1002 2774 ante
1027 2731 1098 2793 per·

92 2823 149 2883 cep
151 2802 193 2864 tis
151 2801 310 2865 tbonis
333 2803 504 2865 contentus
528 2803 613 2863 esset
634 2804 663 2863 et
683 2819 743 2862 nec
770 2801 909 2862 mortem
936 2818 994 2861 nec
1021 2797 1097 2862 deos
1144 2800 1145 2805 ’

92 2889 321 2952 extimesceret.
344 2887 454 2952 Habes
468 2886 605 2953 formam
615 2886 792 2970 Epicuri
763 2890 809 2950 ιιι
810 2907 847 2949 ae
795 2886 975 2950 tbeatae
990 2885 1097 2950 verbis

91 2974 227 3039 Zenonis
251 2996 450 3059 expressam,
473 2974 556 3038 nihil
579 2979 615 3039 ut
638 2973 743 3057 possit
764 2973 886 3058 negari.

454 3227 504 3301 22,
525 3226 607 3283 52-
614 3227 664 3299 25,
685 3229 735 3286 60

157 3326 337 3407 &uertente
351 3326 513 3406 (ἕτῐῑᾶιιιι
527 3328 613 3394 test
615 3327 788 3409 percelletur
797 3272 1098 3410 tinteruuuouittelc,

90 3416 205 3494 toelttec
229 3416 309 3496 turcl)
332 3414 479 3495 beatitate
502 3415 643 3496 tlellpicle
670 3429 728 3480 ιιι
750 3416 850 3481 (ilceto
878 3418 1017 3482 erltutett
1039 3418 1098 3481 ιιι

90 3504 239 3584 tertelttqt
261 3503 342 3568 loiri.
380 3505 438 3572 Die
461 3503 701 3583 tterutttiueute
721 3504 857 3584 tiliaturu
877 3504 956 3570 ciacc
978 3503 1098 3585 straus
