2476 3848
341 786 391 862 ta
419 789 562 863 TULLI
593 788 842 865 olcaaoms

38 1081 43 1088 ι
140 952 214 1036 ΒΕ
244 950 464 1038 ollamus
493 952 567 1037 AD
598 952 825 1041 MARCUM
854 954 1041 1042 FILIUM

426 1142 548 1202 amna
570 1134 761 1205 uaauwa‘

426 1422 760 1485 ARGUMENTUM.

145 1534 222 1590 -Hoc
238 1535 311 1593 lilino
327 1537 365 1594 lt
384 1537 493 1592 tullius
509 1535 654 1607 prooemio
691 1536 826 1592 raemisso
861 1537 892 1593 in
914 1554 970 1608 quo
988 1537 1023 1594 tle
1041 1538 1095 1595 otii

92 1605 136 1660 sui
155 1605 264 1662 ratione
285 1608 401 1678 exponit
418 1611 447 1663 et
467 1607 557 1661 filium
574 1607 612 1661 ad
629 1609 674 1662 etn
696 1607 703 1619 ‘
740 1578 860 1662 colentia
876 1608 1004 1664 hortatur
1021 1612 1094 1680 (cap.

93 1682 117 1742 1,
135 1682 151 1730 2
169 1681 185 1742 ξ
204 1679 294 1747 1-6),
315 1680 420 1733 restare
441 1677 482 1733 ait
498 1677 614 1732 tertium
631 1677 803 1758 quaestionis
821 1693 887 1732 suae
905 1680 998 1734 locum
1015 1694 1096 1761 prae-

89 1745 248 1800 termissum
266 1764 284 1801 a
300 1747 446 1815 Panaetio,
469 1747 504 1802 de
527 1750 707 1812 contentione
730 1747 887 1804 honestatis
910 1751 940 1804 et
960 1747 1094 1804 utihtatis

91 1818 162 1885 (cap.
181 1822 197 1870 2
216 1823 232 1882 ξ
251 1819 367 1886 ’1-10),
389 1818 439 1887 qui
460 1818 539 1873 locus
562 1817 617 1872 otei
638 1817 756 1874 fortasse
780 1817 827 1873 hio
848 1819 1012 1874 tractandus
1035 1835 1096 1874 esse

89 1901 147 1940 non
164 1886 305 1954 videatur,
327 1891 475 1958 propterea
498 1887 585 1956 quod,
608 1887 757 1942 honestum
776 1887 851 1970 quod
869 1888 919 1959 sit,
944 1905 1095 1959 numquam

91 1972 155 2009 cum
171 1956 238 2009 utili
253 1973 379 2026 pugnare
396 1975 479 2027 posse
497 1957 627 2012 videatur
643 1958 727 2027 (nihil
745 1975 820 2013 emm
838 1974 899 2015 esse
917 1959 1000 2026 utile,
1019 1958 1094 2029 quod

90 2042 147 2079 non
172 2025 249 2080 idem
274 2026 443 2098 honestum),
470 2030 565 2082 tamen
592 2044 726 2098 apparere
754 2028 825 2083 dicit
847 2028 1011 2084 Panaetium
1034 2045 1096 2085 eam

92 2111 205 2150 causam
216 2098 388 2165 pertractare
401 2097 611 2220 voluissekcap.
627 2102 715 2180 3—7).
743 2097 781 2153 Et
799 2116 861 2153 cum
875 2116 940 2154 sano
955 2099 1095 2155 interdum

90 2165 186 2234 aliqua
213 2167 321 2236 species
347 2167 481 2222 utilitatis
509 2184 602 2223 cem
628 2169 731 2238 possit,
758 2184 830 2250 quae
858 2186 920 2223 cum
946 2169 1094 2226 honestate

90 2252 216 2304 pugnare
232 2235 371 2306 videatur,
390 2237 432 2292 ait
449 2254 479 2292 se
496 2237 571 2291 hunc
588 2239 683 2292 locum
701 2254 841 2308 suscipere
858 2238 941 2308 velle,
960 2240 990 2293 et
1007 2239 1094 2311 expli·

92 2307 155 2359 cata
172 2305 302 2361 universa
313 2309 413 2362 natura
425 2307 568 2377 utilitatis,
586 2323 657 2375 quae
672 2324 735 2361 cum
748 2308 922 2378 turpitudine
935 2308 1019 2378 plane
1033 2325 1094 2365 ossa

90 2392 146 2430 non
164 2376 256 2446 possit
273 2379 345 2458 (cap.
365 2384 391 2445 8,
409 2379 451 2447 9),
473 2379 570 2432 tamen
593 2376 722 2431 concedit
739 2376 879 2432 interdum
899 2379 1016 2447 propter
1033 2394 1094 2450 spe·

92 2446 164 2500 ciem
181 2445 269 2501 falsae
287 2447 422 2502 utilitatis
440 2446 602 2501 nouaclum
614 2446 644 2499 in
657 2445 739 2500 rebus
753 2445 880 2516 privatis,
897 2447 1095 2502 verumetiam

91 2514 122 2568 in
138 2515 260 2585 publicis
278 2517 309 2570 in
327 2517 518 2587 dignoscenda
533 2516 658 2571 utilitate
677 2517 706 2570 et
719 2516 866 2571 honestate
880 2514 998 2569 titubari
1011 2531 1093 2585 posse

56 2597 66 2604 ·
91 2587 161 2654 (cap.
186 2589 465 2657 10,11§40-49).
501 2589 599 2655 Itaque
621 2584 742 2655 primum
765 2586 799 2640 de
822 2583 959 2655 peculiari
982 2587 1094 2640 conten·

90 2655 167 2709 tione
186 2656 332 2726 utilitatis,
356 2674 427 2727 quae
445 2656 596 2726 prudentia
612 2655 703 2711 videri
721 2655 804 2722 velit,
828 2672 890 2709 cum
907 2652 1016 2710 iustitia
1033 2653 1095 2725 agit

90 2727 164 2846 ἓοαρ.
184 2732 296 2782 12-25
314 2734 330 2793 ξ
349 2731 481 2796 to-ao),
505 2727 606 2782 deinde
630 2726 664 2781 de
684 2725 862 2782 contentione
879 2722 1013 2778 utilitatis
1032 2740 1094 2780 oum

103 2795 253 2850 ortitudine
272 2797 388 2867 exponit
402 2800 472 2868 (cap.
487 2799 614 2867 26-32),
632 2795 751 2865 denique
771 2796 805 2850 de
825 2792 1003 2850 contentione
1019 2793 1095 2849 utili-

89 2864 239 2919 tatiscam
256 2867 442 2936 temperantia
465 2867 592 2938 disputat
615 2871 684 2936 (cap.
705 2873 739 2921 33
757 2871 773 2934 fi
793 2866 941 2934 llo-120)
965 2865 994 2920 et
1015 2863 1096 2922 brevi

90 2934 203 3005 epilogo
222 2937 367 2992 concludit
383 2938 577 3008 argumentum
595 2940 621 3007 (5
641 2938 711 3005 121).

88 3358 153 3422 fuit
180 3360 249 3424 eius
275 3360 343 3426 fere
371 3359 528 3445 aequalis,
555 3381 731 3444 numquam
758 3383 792 3428 se
819 3384 925 3428 mmus
953 3366 1020 3430 ot1o

91 3463 172 3531 esse,
200 3455 298 3529 quain
319 3457 393 3517 oum
409 3448 543 3534 otiosus,
563 3469 623 3514 nec
641 3447 747 3514 minue
766 3450 879 3536 solum,
903 3469 1000 3534 quam

144 3561 327 3618 woltoniam,
341 3561 386 3608 Cic.
399 3559 517 3618 pullulant.
531 3559 645 3617 &talita
912 3566 953 3620 pa

155 3182 190 3249 P.
218 3181 416 3269 Scipionem,
448 3184 503 3286 M..
517 3185 579 3270 fili,
612 3152 698 3286 eum,
729 3186 785 3270 qui
815 3186 939 3289 primus
970 3160 1184 3584 Af?

89 3291 150 3334 nus
174 3273 358 3357 appellatus
383 3275 445 3356 eet,
473 3271 577 3337 dmere
604 3273 737 3338 sohtum
763 3279 893 3378 scnpslt
915 3274 1011 3379 (lato,
1038 3295 1061 3365 q
