2476 3848
499 165 740 228 ..341-

112 350 260 395 severum
284 331 317 392 et
340 348 481 414 gravem.
513 326 636 403 Quibus
654 327 822 393 blanditiis
841 326 875 393 O.
891 327 1040 413 Papirius
1058 335 1114 394 nu·
1133 346 1167 395 96

111 439 171 502 per
192 416 350 480 influebat
371 415 406 479 in
429 416 516 480 auris
539 416 707 500 contionis,
730 438 803 481 cum
824 415 925 481 ferret
947 417 1053 502 legem
1076 417 1115 482 de

112 504 253 569 tribunis
275 503 381 588 plebis
404 503 595 569 reficiendis!
618 503 840 568 Dissuasimus
862 525 936 588 nos3
960 505 1016 569 sed
1032 505 1115 569 nihil

113 594 152 657 de
176 614 236 675 me,
260 592 298 656 de
321 589 469 674 Scipione
493 592 597 656 dicam
619 592 792 657 lubentius.
838 590 966 667 Quanta
987 592 1060 676 illa,
1083 593 1116 658 di

112 680 317 762 inmortales,
339 679 402 743 fuit
416 680 574 764 gravitas,
589 683 711 763 quanta
727 680 762 744 in
780 680 926 745 oratione
945 680 1114 746 maiestas!

112 772 150 832 ut
171 767 267 832 facile
291 767 403 832 ducem
425 768 538 852 populi
559 767 708 850 Romani,
730 789 796 833 non
816 767 966 833 comitem
986 768 1114 834 diceres.

112 854 177 920 Sed
204 854 369 935 adfuistis,
402 858 435 918 et
461 858 512 919 est
539 854 575 919 in
601 857 750 920 manibus
769 857 883 921 oratio.
927 855 1041 940 Itaque
1064 857 1116 920 lex

112 943 281 1029 popularis
306 942 469 1027 suffragiis
498 943 613 1026 populi
634 944 804 1028 repudiata
827 948 885 1009 est.
930 944 1051 1027 Atque,
1078 947 1116 1007 ut

114 1033 155 1096 ad
177 1052 229 1095 me
252 1031 390 1112 redeam,
413 1030 615 1114 meministis,
638 1031 973 1116 anaximandro
996 1029 1115 1116 Scipio·

112 1120 174 1202 nis,
197 1122 230 1183 et
252 1117 287 1182 L.
309 1117 459 1183 Mancino
482 1119 668 1183 consulibus
691 1141 788 1202 quam
810 1119 977 1204 popularis
1001 1120 1054 1184 lex
1077 1119 1115 1183 de

114 1206 304 1271 sacerdotiis
327 1204 362 1270 0.
387 1204 490 1270 Licini
509 1204 618 1270 Crassi
636 1207 819 1271 videbatur!
847 1207 1011 1290 cooptatio
1030 1207 1115 1271 enim

113 1294 325 1379 collegiorum
339 1293 379 1356 ad
393 1293 507 1378 populi
524 1293 713 1358 beneficium
729 1292 999 1378 transferebatur,
1019 1298 1115 1377 atque

113 1383 141 1446 is
165 1381 289 1465 primus
312 1380 456 1445 instituit
473 1381 508 1445 in
524 1380 631 1446 forum
648 1402 760 1445 versus
781 1402 875 1465 agere
893 1403 966 1445 cum
983 1382 1115 1465 populo.

114 1469 237 1533 Tamen
258 1469 346 1533 illius
370 1468 564 1534 vendibilem
587 1469 768 1533 orationem
785 1468 900 1552 religio
919 1469 1051 1533 deorum
1069 1469 1115 1532 in·

114 1557 302 1621 mortalium
324 1557 418 1621 nobis
442 1556 684 1621 defendentibus
702 1556 797 1621 facile
815 1556 973 1620 vincebat.
1006 1556 1115 1639 Atque

113 1646 147 1709 id
171 1648 278 1709 actum
306 1648 357 1708 est
387 1648 537 1728 praetore
564 1666 615 1708 me
647 1644 864 1728 quinquennio
897 1647 985 1726 ante,
1018 1665 1114 1726 quam

114 1734 226 1797 consul
250 1754 320 1797 sum
342 1732 462 1816 factus3
484 1733 532 1796 ita
554 1754 589 1796 rc
612 1731 716 1816 magis
740 1754 837 1816 quam
860 1753 986 1796 summa
1008 1734 1115 1796 aucto-

113 1821 211 1884 ritate
234 1842 331 1886 causa
353 1820 413 1884 illa
436 1819 567 1884 defensa
589 1823 648 1884 est.

181 1907 302 1983 Quodsi
324 1909 357 1971 in
381 1930 505 1989 scaena,
527 1908 561 1971 id
579 1911 629 1972 est
651 1907 685 1970 in
706 1908 862 1992 contione,
885 1906 920 1971 in
938 1929 1002 1991 qua
1019 1908 1114 1972 rebus
1124 1866 1167 1992 ξς

114 1996 199 2059 fictis
223 2000 255 2059 et
279 1995 478 2060 adumbratis
501 1994 565 2059 loci
586 1995 762 2078 plurimum
784 1999 848 2079 est,
871 1999 983 2060 tamen
1004 2016 1126 2067 verum¹

113 2084 212 2164 valet,
235 2082 263 2145 si
285 2083 380 2147 modo
403 2083 438 2147 id
455 2082 655 2166 patefactum
678 2087 711 2148 et
733 2084 943 2148 inlustratum
961 2087 1020 2166 est,
1040 2083 1116 2166 quid

113 2171 148 2234 in
172 2168 315 2233 amicitia
336 2169 407 2234 fieri
430 2174 568 2255 oportet,
592 2175 673 2254 quae
695 2175 768 2236 tota
789 2172 926 2236 veritate
951 2171 1116 2256 perpendi-

113 2257 190 2321 tur?
223 2257 257 2320 in
280 2279 344 2340 qua
365 2258 442 2340 nisi,
468 2261 505 2321 ut
532 2258 663 2335 dicitur,
695 2262 842 2343 apertum
869 2262 980 2342 pectus
1007 2259 1117 2324 videas

114 2349 269 2428 tuumque
293 2345 458 2428 ostendaS,
483 2345 567 2409 nihil
589 2345 701 2424 fidum,
729 2346 813 2409 nihil
837 2347 1040 2430 exploratum
1062 2347 1117 2411 ha·
1149 2385 1152 2391 ·

114 2434 201 2515 beas,
223 2454 264 2496 ne
287 2454 396 2498 amare
419 2433 548 2516 quidem
571 2435 628 2496 aut
646 2433 757 2516 amari,
776 2454 856 2515 cum,
874 2433 909 2496 id
928 2455 1025 2515 quam
1042 2455 1117 2498 vere

113 2520 181 2601 fiat,
203 2520 342 2605 ignores.
372 2519 574 2604 Quamquam
592 2520 657 2584 ista
671 2519 863 2602 adsentatio,
887 2519 1033 2603 quamvis
1047 2541 1117 2604 per-

113 2608 236 2672 niciosa
263 2608 322 2686 sit,
352 2629 468 2672 nocere
495 2611 605 2672 tamen
630 2607 752 2671 nemini
774 2610 883 2692 potest
908 2607 973 2671 nisi
995 2607 1038 2688 ei,
1062 2607 1117 2690 qui

115 2716 186 2759 eam
208 2695 323 2779 recipit
346 2699 443 2778 atque
467 2717 505 2760 ea
527 2695 713 2760 delectatur.
748 2694 801 2759 lta
822 2695 873 2777 fit,
896 2697 933 2758 ut
954 2694 983 2758 is
1007 2694 1117 2758 adsen-

113 2782 277 2846 tatoribus
299 2782 476 2867 patefaciat
499 2804 592 2846 aures
615 2805 690 2847 suas
713 2783 860 2860 maxime,
884 2781 939 2865 qui
960 2781 1030 2864 ipse
1054 2781 1117 2845 sibi

88 2870 301 2935 aoadsentetur
329 2874 362 2933 et
389 2892 423 2934 sc
451 2870 589 2934 maxime
612 2870 681 2955 ipse
710 2871 854 2935 delectet.
900 2867 1038 2933 Omnino
1067 2873 1117 2934 est
1135 2885 1169 2934 98

115 2979 228 3023 amans
252 2957 302 3021 sui
323 2958 441 3041 virtus3
465 2961 596 3041 optume
620 2957 704 3021 enim
729 2979 762 3022 se
784 2958 857 3041 ipsa
878 2956 984 3040 norit,
1007 2979 1117 3040 quam·

115 3066 177 3128 que
201 3045 351 3108 amabilis
375 3045 431 3127 sit,
457 3044 628 3129 intellegit.
672 3044 745 3131 Ego
774 3049 883 3109 autem
904 3065 971 3109 non
994 3045 1034 3109 de
1056 3045 1118 3110 vir-

114 3136 184 3196 tute
206 3154 291 3196 nunc
318 3133 449 3215 loquor,
477 3133 532 3196 sed
560 3133 598 3196 de
625 3132 756 3196 virtutis
784 3132 943 3216 opinione.
987 3131 1118 3198 Virtute

114 3219 200 3283 enim
222 3219 296 3302 ipsa
317 3224 474 3285 nontam
502 3219 597 3283 multi
623 3221 764 3303 praediti
793 3243 863 3286 esse
892 3243 990 3305 quam
1017 3221 1119 3286 videri

113 3308 238 3371 volunt.
270 3306 339 3372 Hos
363 3308 502 3371 delectat
526 3308 717 3391 adsentatio,
739 3308 791 3373 his
809 3309 904 3374 fictus
919 3310 960 3373 ad
973 3309 1120 3393 ipsorum

113 3395 317 3459 voluntatem
340 3417 445 3458 sermo
464 3417 536 3460 cum
555 3395 735 3480 adhibetur,
758 3397 937 3462 orationem
955 3397 1046 3461 illam
1065 3418 1120 3462 va·

111 3503 190 3546 nam
213 3482 436 3548 testimonium
459 3504 529 3548 esse
552 3482 683 3548 laudum
707 3505 837 3549 suarum
854 3488 983 3572 putant.
1019 3482 1122 3548 Nulla
