2476 3848
472 191 710 255 -429-

90 353 146 436 qui
177 374 243 417 non
275 352 369 417 modo
402 373 440 416 ea
470 352 581 418 futura
611 354 718 435 timet,
750 375 860 417 verum
897 354 994 418 etiam
1029 355 1094 419 fert

91 441 290 523 sustinetque
324 442 529 524 praesentia?
569 441 649 505 adde
686 442 796 505 eodem
838 441 946 524 exilia,
980 443 1094 524 luctus,

92 529 262 610 orbitates3
290 530 345 611 qui
372 529 467 593 rebus
494 529 546 593 his
573 529 696 593 fractus
725 529 925 612 aegritudine
957 530 1093 611 eliditur,

91 619 198 698 potest
229 616 359 681 tandem
395 637 464 681 esse
500 638 566 682 non
601 617 820 681 miserrimus?
879 615 962 692 Quid
996 617 1094 681 vero?

91 793 216 874 demus,
235 792 343 856 omnia
361 793 471 857 rabide
491 794 693 876 adpetentem
712 814 783 857 eum
801 792 990 875 inexplebili
1007 793 1093 876 aupi-

87 879 205 961 ditate,
233 900 358 962 quoque
386 880 569 945 affluentius
592 882 774 964 voluptates
795 881 934 964 undique
956 880 1095 963 hauriat,

89 989 130 1031 eo
154 967 283 1051 gravius
307 967 532 1051 ardentiusque
554 968 729 1048 sitientem,
751 990 858 1034 nonne
880 972 965 1032 reete
984 968 1094 1032 miser·

90 1056 208 1119 rimum
234 1054 373 1118 dixeris?
424 1054 528 1130 Quid?
562 1057 664 1120 elatus
692 1057 747 1121 ille
778 1056 912 1120 levitate
943 1057 1094 1141 inanique

92 1143 217 1206 laetitia
245 1143 390 1206 exultans
419 1146 597 1207 1111111111
624 1145 765 1228 gestiens
792 1165 898 1208 nonne
923 1147 1014 1208 tanto
1038 1145 1095 1208 mi-

89 1231 206 1312 serior,
233 1233 353 1313 quanto
382 1229 445 1293 sibi
467 1230 591 1294 videtur
613 1231 761 1295 beatior?
808 1232 907 1317 Ergo·
920 1236 957 1295 ut
978 1233 1013 1296 hi
1036 1233 1094 1296 mi·

92 1318 168 1399 seri,
196 1318 241 1381 sio
269 1321 380 1382 contra
406 1317 455 1381 illi
481 1317 582 1400 beati,
616 1340 695 1402 quos
723 1318 804 1382 nulli
831 1323 936 1382 metus
962 1322 1095 1402 terrent,

90 1407 199 1470 nullae
223 1404 440 1489 aegritudines
465 1406 614 1488 exedunt,
644 1407 751 1469 nullae
773 1406 924 1470 libidines
948 1407 1095 1490 incitant,

90 1494 199 1558 nullae
235 1494 361 1557 futtiles
397 1492 543 1560 laetitiae
563 1493 761 1557 exultantes
797 1493 959 1578 languidis
994 1494 1095 1577 lique·

90 1582 215 1646 faciunt
246 1581 477 1664 voluptatibus.
530 1580 576 1645 Ut
612 1581 709 1643 maris
741 1580 841 1664 igitur
876 1582 1095 1664 tranquillitas

92 1669 289 1753 intellegitur
306 1669 455 1733 nullane
473 1669 606 1732 minima
628 1668 754 1751 quidem
774 1690 851 1732 aura
873 1669 987 1732 fluetus
1011 1691 1094 1733 eom-

91 1761 255 1840 movente,
278 1757 324 1821 sie
343 1757 443 1821 animi
461 1757 586 1840 quietus
605 1759 638 1819 et
655 1757 801 1838 planatus
823 1760 927 1820 status
946 1757 1095 1839 cernitur,

90 1868 165 1909 111111
188 1845 389 1928 perturbatio
407 1845 497 1909 nulla
516 1848 573 1925 est,
596 1865 658 1927 qua
682 1844 803 1908 moveri
827 1848 932 1927 queat.
974 1843 1096 1920 Quodsi
1114 1856 1145 1904 17

90 1937 154 2015 est,
177 1934 231 2016 qui
248 1934 314 1997 vim
331 1935 492 2015 fortunae,
511 1932 567 2015 qui
585 1932 694 1996 omnia
711 1931 864 2014 humana,
882 1954 964 2016 quae
982 1933 1094 2016 auique

92 2022 237 2084 accidere
260 2024 407 2105 possunt,
430 2020 614 2084 tolerabilia
637 2020 745 2101 ducat,
769 2040 807 2082 ex
829 2041 892 2103 quo
915 2041 974 2084 1111
996 2019 1096 2085 timor

91 2129 370 2258 1111Πέ11ῗὲ1ῗῖ
383 2106 1096 2259 iilllglltlltltuiiienihtlittluiilll

91 2304 157 2346 non
189 2283 303 2346 beatus
336 2283 400 2346 sit?
428 2286 461 2346 et
487 2284 514 2347 si
540 2283 619 2347 haee
646 2216 765 2346 villule
782 2218 987 2365 ,1111111111υῇ
1019 2283 1095 2366 quid

91 2374 154 2452 est,
178 2391 234 2432 our
256 2370 359 2434 virtus
382 2370 454 2453 ipsa
477 2393 534 2452 per
558 2392 680 2434 senon
704 2371 823 2435 efficiat
845 2370 978 2434 beatos?

158 2458 199 2521 A.
232 2457 334 2541 Atqui
364 2458 500 2521 alterum
530 2457 592 2521 diei
621 2479 686 2521 non
715 2461 835 2541 potest,
865 2458 942 2541 quin
970 2459 1008 2540 ii,
1040 2452 1133 2541 quil

92 2545 172 2609 nihil
192 2549 346 2628 metuant,
363 2545 447 2609 nihil
465 2548 636 2628 angantur,
654 2544 735 2610 nihil
752 2546 987 2628 ooneupiseant,
1005 2545 1096 2608 nulla

92 2635 262 2716 impotenti
281 2634 406 2697 laetitia
429 2633 621 2716 ecferantur,
644 2632 730 2696 beati
750 2633 826 2715 sint,
849 2633 958 2716 itaque
983 2633 1015 2696 id
1033 2632 1095 2696 tibi

92 2722 244 2805 eonced03
264 2723 400 2786 alterum
419 2725 526 2784 autem
545 2723 609 2784 iam
627 2721 789 2804 integrum
803 2724 940 2784 nonest.
969 2718 1094 2802 Superi-

93 2809 201 2872 oribus
226 2810 312 2873 enim
335 2808 608 2892 disputationibus
628 2808 776 2871 effectum
797 2812 846 2872 est
868 2830 983 2871 vacare
1007 2808 1094 2871 omni

93 2896 192 2957 animi
215 2897 457 2977 perturbatione
481 2897 665 2979 sapientem.

157 2988 202 3047 M.
224 2983 386 3046 Nimirum
408 2984 508 3068 igitur
531 2983 675 3048 confecta
696 3005 747 3046 res
772 2987 835 3065 est3
859 2982 986 3046 videtur
1009 2983 1093 3046 enim
1114 2995 1146 3042 18

93 3071 132 3133 ad
156 3070 276 3132 exitum
298 3072 423 3134 venisse
448 3072 601 3156 quaestio.

157 3158 198 3221 A.
225 3155 461 3239 Propemodum
483 3159 515 3222 id
533 3159 673 3243 quidem.

158 3252 201 3308 M.
224 3244 345 3309 Verum
373 3250 483 3310 tamen
510 3247 811 3311 mathematicorum
843 3246 905 3310 iste
933 3267 1004 3310 mos
1036 3248 1094 3325 est,

91 3355 157 3398 non
179 3349 228 3397 est
250 3333 527 3418 philosophorum.
563 3333 649 3398 Nam
672 3338 855 3418 geometrae
878 3356 951 3399 oum
975 3333 1095 3416 aliquid

93 3422 204 3486 dooere
232 3423 359 3505 volunt,
387 3424 416 3486 si
443 3424 519 3506 quid
545 3422 585 3486 ad
612 3443 682 3486 eam
710 3443 778 3485 rem
804 3424 946 3505 pertinet
975 3442 1094 3501 eorum,
1133 3402 1168 3633 Ι

77 3531 175 3593 quae
198 3514 273 3574 ante
297 3511 484 3590 docuerunt,
506 3509 539 3573 id
563 3514 693 3574 sumunt
715 3531 773 3593 pro
791 3531 942 3575 concesso
967 3511 1000 3571 et
1022 3527 1093 3588 pro·

1081 3774 1136 3815 ἕω,
