2476 3848
90 1516 170 1564 52

91 2261 124 2312 53

91 2875 125 2924 54

523 162 764 228 -328-

139 319 260 384 nodum
279 317 440 383 amicitiae
459 317 584 381 tollere.
619 315 695 381 Non
713 316 799 380 enim
817 319 886 381 tam
904 315 1031 380 utilitas
1050 321 1152 400 parta

140 429 198 492 per
221 406 361 471 amicum
384 427 481 488 quam
504 404 599 469 amici
621 425 713 468 amor
735 404 805 489 ipse
833 404 985 487 delectat,
1013 408 1151 489 tumque

139 495 221 560 illud
244 495 295 578 fit,
318 493 404 577 quod
427 494 468 557 ab
492 493 595 557 amico
619 496 669 556 est
691 492 887 577 profectum,
909 492 1097 577 iucundum,
1120 495 1151 558 si

141 606 213 648 cum
237 581 344 646 studio
367 585 417 645 est
440 580 633 664 profectum,
662 583 855 663 tantumque
879 580 985 663 abest,
1007 585 1045 644 ut
1068 582 1151 645 ami-

142 671 237 736 citiae
260 673 394 754 propter
416 668 628 754 indigentiam
652 668 812 752 colantur,
835 672 873 733 ut
895 668 928 750 ii,
951 667 1006 751 qui
1030 669 1150 753 opibus

142 763 174 823 et
206 758 307 841 copiis
340 757 542 839 maximeque
573 756 707 838 virtute,
738 756 773 818 in
802 777 866 839 qua
893 755 1069 839 plurimum
1099 762 1151 821 est

141 845 303 932 praesidii,
325 845 457 908 minime
481 843 614 907 alterius
638 844 814 928 indigeant,
837 843 1058 908 liberalissimi
1082 845 1152 909 sint

142 939 175 998 et
193 931 483 998 beneficentissimi.
519 930 627 1014 Atque
650 931 731 995 haut
754 931 854 996 sciam
874 953 916 996 an
932 953 973 995 ne
999 954 1081 1017 opus
1106 933 1151 997 sit

142 1022 271 1106 quidem
302 1019 384 1084 nihil
415 1041 569 1102 umquam
601 1019 731 1083 omnino
764 1020 873 1083 deesse
907 1019 1027 1084 amicis.
1082 1019 1151 1086 Ubi

143 1110 228 1174 enim
251 1108 359 1172 studia
380 1111 493 1171 nostra
521 1106 714 1192 viguissent,
745 1106 772 1171 si
798 1129 975 1190 numquam
1003 1108 1167 1193 consilio,²

142 1218 318 1279 numquam
347 1217 445 1280 opera
471 1199 585 1259 nostra
607 1216 666 1259 nec
690 1194 776 1258 domi
798 1216 856 1259 nec
880 1195 1017 1260 militiae
1041 1194 1151 1281 Scipio

144 1285 284 1370 eguisset
270 1284 306 1348 t?
347 1283 423 1348 Non
444 1282 546 1367 igitur
568 1282 693 1346 utilitat
679 1286 745 1346 tem
769 1282 920 1367 amicitia,
944 1284 1058 1348 sedt
1021 1307 1044 1348 u
1044 1284 1156 1371 tilitas

144 1371 321 1436 amicitiam
344 1375 456 1436 secuta
479 1375 537 1434 est.

92 1439 133 1503 15
207 1460 283 1525 Non
297 1480 375 1544 ergo
390 1462 484 1523 erunt
497 1458 644 1523 homines
659 1456 781 1522 deliciis
796 1457 943 1522 diffluent
929 1462 978 1522 tes
982 1458 1151 1609 taudiendi,

144 1547 172 1611 si
195 1548 322 1630 quando
346 1548 384 1610 de
408 1546 559 1629 amicitia,
582 1567 679 1629 quam
702 1567 760 1610 nec
783 1567 843 1608 usu
865 1567 924 1610 nec
944 1546 1070 1611 ratione
1093 1546 1150 1611 ha-

143 1636 222 1699 bent
235 1635 346 1720 cognit
347 1658 408 1717 am,
427 1634 535 1718 disput
521 1597 646 1698 tabunt
624 1631 764 1697 tNam
778 1633 850 1716 quis
865 1637 923 1717 est,
942 1654 1001 1716 pro
1015 1633 1150 1698 deorum

142 1723 289 1787 fidemt
255 1727 289 1787 at
292 1745 352 1806 que
366 1685 546 1787 hdminuml
567 1744 622 1804 qur
612 1719 724 1803 velit,
742 1724 779 1785 ut
792 1742 896 1804 neque
911 1721 1026 1807 diligat
1039 1742 1149 1804 quem-

145 1833 242 1911 quam
260 1832 318 1874 nec
336 1811 405 1910 ipse
425 1810 465 1873 ab
485 1809 553 1873 ullo
572 1808 688 1893 diligat
690 1830 736 1891 ur,
759 1808 978 1873 circumfluere
999 1808 1151 1874 omnibus

144 1898 245 1982 copiis
260 1896 404 1980 atquem
419 1896 560 1961 omnium
575 1918 683 1960 rerum
698 1896 873 1961 abundant
849 1901 896 1961 ιιι
907 1896 1036 1962 virere?
1059 1895 1151 1962 Haeo

144 1986 230 2049 enim
249 1989 299 2049 est
316 1989 527 2066 tyrannorum
546 1983 614 2048 vita
632 1984 793 2068 nimirum,
812 1985 846 2048 in
869 2007 934 2068 qua
951 1984 1043 2048 nulla
1059 1985 1152 2070 fides,

142 2072 234 2136 nulla
257 2071 390 2154 caritas,
417 2071 551 2135 nullas
553 2071 664 2135 labilis
687 2072 924 2136 benivolentiae
947 2075 1055 2156 potest
1079 2094 1151 2138 esse

143 2159 270 2243 fiducia,
293 2159 402 2223 omnia
425 2180 550 2242 semper
573 2163 723 2260 suspecta
745 2164 780 2224 at
782 2182 842 2243 que
866 2159 1016 2243 sollicita,
1038 2161 1151 2227 nullus

144 2247 234 2311 locus
262 2246 372 2311 amicit
373 2247 430 2310 iae.
482 2245 560 2322 Quis
588 2247 673 2311 enim
701 2252 757 2312 aut
786 2269 859 2312 eum
891 2247 1020 2334 diligat,
1053 2269 1151 2332 quem

144 2338 281 2419 metuat,
309 2338 478 2416 autenm,
506 2357 525 2398 a
553 2356 616 2417 quo
645 2357 679 2399 se
706 2335 807 2399 metui
829 2338 923 2420 puet
874 2335 944 2399 tet?
990 2333 1110 2400 Colunt
1095 2339 1152 2400 tur

143 2427 254 2487 tamen
276 2422 418 2486 simulat
410 2442 481 2486 rone
501 2421 669 2486 dumtaxat
687 2423 760 2487 adt
746 2426 882 2523 tempus.
915 2421 1036 2498 Quodsi
1053 2422 1151 2508 forte,

143 2515 180 2575 ut
202 2512 241 2575 fit
262 2510 464 2597 plerumque,
492 2510 689 2592 ceciderunt,
715 2510 818 2574 tum
808 2510 1026 2597 intellegitur,
1050 2533 1152 2594 quam

142 2599 302 2664 fuerint
293 2620 405 2683 inopes
438 2596 623 2662 amicorum
668 2561 760 2673 Quod
787 2597 998 2682 Tarquinium
1030 2598 1152 2664 dixisse

142 2688 252 2752 ferunt
275 2687 505 2769 exulantem,t
506 2708 561 2750 um
584 2706 618 2749 se
641 2685 848 2770 intellexisse,
872 2707 963 2837 quos·
970 2685 1052 2750 fidos
1072 2687 1152 2750 ami·

144 2797 197 2840 cos
221 2774 398 2858 habuisset,
421 2794 502 2857 quos
523 2773 653 2856 infidos
676 2796 748 2838 cum
771 2773 835 2837 iam
858 2773 982 2838 neutris
1006 2774 1151 2859 gratiam

144 2863 262 2926 referre
294 2865 413 2946 posset.
463 2859 666 2944 Quamquam
697 2861 810 2939 miror,
841 2860 901 2925 illa
933 2861 1085 2946 superbia
1117 2867 1153 2926 et

143 2949 379 3032 inportunitate
398 2949 426 3013 si
445 2971 638 3032 quemquam
653 2949 791 3014 amicum
804 2949 924 3013 habere
943 2950 1059 3034 potuit.
1092 2949 1153 3014 At·

144 3059 206 3120 que
228 3039 265 3099 ut
288 3035 397 3114 huius,
420 3058 515 3120 quem
538 3036 619 3120 dixi,
642 3059 748 3102 mores
771 3058 866 3102 veros
890 3037 1011 3102 amicos
1033 3059 1154 3122 parare

143 3145 209 3187 non
232 3126 420 3206 potuerunt,
444 3125 490 3189 sic
513 3125 689 3189 multorum
713 3145 791 3209 opes
814 3125 1076 3209 praepotentium
1100 3147 1154 3190 ex·

145 3210 278 3274 cludunt
301 3210 460 3275 amicitias
482 3211 603 3276 fideles.
643 3211 719 3276 Non
742 3211 827 3276 enim
851 3213 958 3277 solum
980 3213 1013 3298 ip
1015 3235 1052 3278 sa
1073 3212 1155 3278 For-

144 3301 223 3362 tuna
243 3319 338 3363 caeca
356 3302 415 3381 est,
438 3298 493 3363 sed
511 3322 566 3365 eos
586 3299 685 3365 etiam
702 3301 893 3385 plerumque
913 3300 1012 3365 efficit
1030 3323 1155 3386 caecos,

144 3407 224 3470 quos
252 3386 500 3470 conplexa,
436 3390 499 3451 est·
526 3387 635 3471 itaque
663 3388 840 3454 efferuntur
868 3388 935 3453 fere
962 3388 1029 3453 fast
1029 3389 1094 3455 idio
1118 3395 1155 3454 et

102 3412 360 3633 &contumacia
394 3495 453 3540 nec
490 3475 661 3559 quicquam
691 3475 865 3561 insipiente
831 3476 1115 3542 tfortunat'o
1104 3499 1156 3544 ιιι-
