2476 3848
544 167 784 232 -476-

162 326 292 390 nionem
314 326 457 411 anquirit
480 326 606 390 animus
630 329 663 390 εὴ
683 325 824 390 formam
847 328 880 390 et
898 324 985 390 vitae
1004 324 1174 391 actionem

112 414 344 530 18mentisque
368 414 581 496 agitationem
602 414 638 478 in
661 414 729 478 deo.

110 546 144 593 ,3
229 501 278 566 Ac
301 501 466 567 deforma
489 502 618 585 quidem
640 502 760 585 partim
783 504 901 566 natura
921 521 981 565 nos
1005 499 1176 586 admonet,

162 590 283 674 partim
311 590 395 654 ratio
424 590 525 654 docet.
569 589 656 654 Nam
683 612 702 654 a
729 593 847 654 natura
873 589 1030 654 habemus
1054 610 1175 655 omnes

164 677 307 742 omnium
331 678 476 763 gentium
494 678 634 762 speciem
651 678 774 742 nullam
793 677 892 742 aliam
910 676 975 741 nisi
989 676 1173 742 humanam

163 766 309 848 deorum,
338 787 420 848 quae
448 765 533 830 enim
554 765 661 830 forma
684 765 748 829 alia
771 765 909 830 occurrit
930 786 1088 848 umquam
1111 768 1173 830 aut

161 853 314 939 vigilanti
341 853 490 936 cuiquam
518 857 574 917 aut
602 852 795 918 dormienti?
840 850 903 916 Sed
924 874 965 916 ne
987 852 1100 917 omnia
1121 874 1172 917 re-

161 945 316 1006 vocentur
347 939 388 1005 ad
418 941 540 1024 primas
571 940 736 1005 notiones:
769 940 854 1004 ratio
883 940 945 1004 hoc
976 939 1064 1004 idem
1096 940 1173 1024 ipsa

108 1047 143 1094 47
163 1028 314 1093 declarat.
358 1027 445 1092 Nam
473 1051 546 1093 cum
573 1028 899 1113 praestantissumam
920 1030 1089 1112 naturam,
1114 1028 1172 1093 vel

161 1116 237 1199 quia
256 1116 351 1181 beata
370 1119 419 1180 est
438 1117 489 1180 vel
507 1116 583 1199 quia
601 1116 806 1200 sempiterna,
829 1115 998 1188 convenire
1018 1115 1170 1180 videatur

161 1204 295 1268 eandem
319 1225 389 1268 csse
412 1204 677 1289 pulcherrimam,
700 1224 782 1286 quae
805 1202 985 1288 conpositio
1008 1204 1171 1268 membro

160 1314 241 1376 rum,
274 1314 356 1375 quae
388 1292 602 1357 conformatio
628 1291 905 1375 liniamentorum,
937 1312 1019 1374 quae
1049 1291 1170 1377 figura,

161 1402 242 1464 quae
279 1380 401 1465 species
437 1380 580 1446 humana
615 1382 724 1464 potest
756 1401 826 1443 csse
857 1378 1044 1463 pulchrior?
1071 1427 1074 1431 -
1097 1379 1170 1447 Vos.

43 1541 48 1546 ,
161 1469 303 1552 quidem,
331 1467 449 1552 Lucili,
479 1469 590 1534 soletis
618 1465 708 1552 (nam
731 1465 830 1532 Cotta
856 1488 946 1530 meus
974 1467 1073 1532 modo
1096 1465 1171 1551 hoc,

160 1557 256 1622 modo
270 1555 375 1641 illud),
393 1579 466 1622 cum
484 1555 656 1620 artificium
675 1554 830 1639 effingitis
847 1553 1069 1637 fabricamque
1088 1555 1169 1620 divi·

160 1667 250 1729 nam,
278 1666 376 1729 quam
403 1645 469 1709 sint
497 1644 604 1709 omnia
630 1643 666 1707 in
688 1642 829 1708 hominis
852 1643 959 1728 figura
980 1664 1047 1707 non
1069 1643 1170 1707 modo

161 1734 202 1797 ad
230 1755 338 1816 usum,
367 1755 480 1798 verum
507 1733 606 1796 etiam
632 1731 674 1794 ad
700 1733 905 1796 venustatem
928 1733 1021 1815 apta,
1049 1730 1169 1795 descri-

107 1834 141 1884 48
160 1821 244 1886 bere.
304 1820 425 1896 Quodsi
462 1820 604 1884 omnium
640 1818 855 1883 animantium
889 1817 1031 1883 formam
1064 1818 1169 1884 vincit

160 1909 301 1973 hominis
330 1909 449 1992 figura,
482 1907 559 1970 deus
587 1908 695 1970 autem
723 1906 870 1971 animans
898 1910 963 1990 cst,
995 1928 1033 1972 ca
1057 1907 1169 1992 figura

160 1996 306 2080 profecto
330 1998 389 2078 est,
413 2015 494 2077 quae
517 1993 735 2077 pulcherrima
758 1994 801 2058 sit
820 1994 976 2078 omnium3
999 1995 1168 2078 quoniam·

161 2105 222 2167 que
245 2082 321 2146 deos
344 2081 550 2146 beatissimos
574 2102 643 2144 esse
666 2085 804 2165 constat,
826 2083 941 2147 beatus
965 2086 1075 2147 autem
1096 2104 1168 2149 essa

161 2171 230 2233 sine
253 2169 375 2234 virtute
397 2190 491 2233 nemo
514 2172 625 2252 potest
647 2190 706 2233 nec
728 2169 833 2235 virtus
856 2169 925 2234 sine
948 2170 1074 2235 ratione
1093 2191 1168 2237 con·

160 2261 247 2321 stare
268 2278 328 2322 nec
350 2256 434 2322 ratio
457 2278 595 2341 usquam
616 2257 722 2322 inesse
744 2257 809 2322 nisi
829 2258 865 2322 in
886 2257 1028 2323 hominis
1049 2258 1167 2344 figrrra,

107 2358 141 2407 19
159 2343 301 2410 hominis
325 2366 395 2410 esse
419 2345 523 2429 specie
542 2345 618 2410 deos
638 2345 854 2411 confitendum
873 2349 932 2411 est.
967 2344 1037 2411 Nec
1053 2350 1167 2411 tamen

160 2455 199 2498 ea
226 2433 348 2517 species
375 2454 491 2517 corpus
520 2436 583 2516 est,
615 2433 671 2498 sed
698 2433 791 2516 quasi
818 2455 948 2517 corpus,
977 2433 1167 2500 nechabet

109 2523 149 2587 19
160 2521 364 2607 sanguinem,
394 2521 451 2585 sed
480 2521 574 2604 quasi
601 2521 798 2607 sanguinem.
846 2520 937 2587 Haec
967 2543 1167 2606 quamquam

160 2612 193 2674 εὴ
215 2609 348 2674 inventa
371 2611 446 2674 sunt
469 2608 594 2673 acutius
618 2612 650 2674 et
673 2609 759 2675 dicta
783 2610 934 2675 subtilius
953 2611 995 2676 ab
1013 2610 1167 2695 Epicuro,

160 2720 258 2781 quarn
280 2701 318 2762 ut
340 2697 446 2781 quivis
470 2719 507 2761 ea
530 2697 635 2780 possit
658 2719 841 2783 agnoscere,
864 2701 974 2763 tamen
995 2697 1100 2765 fretus
1117 2698 1166 2763 in-

158 2785 347 2871 tellegentia
375 2789 485 2850 vestra
512 2784 634 2850 dissero
661 2785 804 2869 brevius,
837 2808 935 2868 quam
962 2808 1061 2851 causa
1084 2785 1167 2852 desi·

159 2875 259 2938 derat.
303 2873 463 2959 Epicurus
492 2876 613 2953 autem,
640 2873 696 2956 qui
722 2894 773 2938 res
802 2875 945 2939 occultas
972 2877 1006 2939 et
1032 2873 1165 2958 penitus

159 2961 287 3025 abditas
305 2983 372 3026 non
389 2961 485 3026 modo
504 2960 621 3025 viderit
640 2960 757 3045 animo,
778 2962 951 3027 sedetiam
970 2961 1017 3027 sic
1034 2965 1166 3045 tractet,

158 3051 196 3111 ut
217 3070 326 3132 manu,
349 3049 442 3114 docet
465 3070 537 3114 eam
559 3070 629 3115 esse
652 3049 719 3114 vim
742 3052 775 3114 et
792 3052 942 3115 naturam
961 3050 1105 3135 deorum,
1126 3053 1166 3114 ut

157 3135 298 3218 primurn
320 3158 386 3202 non
409 3158 513 3219 sensu,
536 3137 593 3202 sed
614 3142 722 3202 mente
745 3141 894 3204 cernatur
916 3159 975 3204 nec
998 3138 1168 3203 soliditate

158 3221 298 3304 quadam
328 3245 388 3290 nec
415 3225 456 3291 ad
482 3245 664 3307 numerum,
696 3228 734 3290 ut
761 3247 812 3308 ea,
841 3248 923 3309 quae
949 3226 1007 3291 ille
1029 3229 1168 3312 propter

156 3309 348 3376 firmitatem
370 3311 544 3397 στερέμνια
567 3312 726 3396 appellat,
753 3312 810 3377 sed
831 3313 1028 3399 imaginibus
1052 3314 1167 3381 simili·

156 3397 267 3462 tudine
300 3402 333 3464 et
365 3400 557 3466 transitione
585 3400 746 3485 perceptis
774 3421 847 3467 cum
874 3401 1003 3468 infinita
1029 3402 1168 3469 simillu-

69 3466 133 3634 Ἱ
152 3506 283 3553 marum
305 3486 487 3576 imaginum
507 3487 605 3553 series
624 3509 664 3553 ex
681 3488 971 3556 innumerabilibus
988 3489 1170 3561 individuis

83 3581 97 3634 l
