2476 3848
485 172 724 238 -553-

92 329 195 394 multo
220 329 319 394 etiam
341 330 448 416 magis
476 329 634 397 Romulus
662 334 794 416 patrum
818 331 1012 398 auctoritate
1036 354 1108 399 son·
1184 408 1185 411 Ἴ

91 415 229 503 silioque
252 419 410 503 regnavit.

159 503 229 581 Quo
255 506 344 572 facto
370 507 512 590 primum
540 507 622 573 vidit
649 508 866 593 iudicavitque
894 507 992 592 idem,
1021 477 1136 592 quod9

93 591 229 678 Spartae
252 595 420 680 Lycurgus
443 595 542 678 paulo
566 599 641 661 ante
663 597 802 676 viderat,
826 596 982 681 singulari
1006 579 1159 680 impe-1⁶

40 755 43 762 ¹
90 682 140 748 rio
164 686 197 748 ct
223 686 386 766 potestate
414 685 505 770 regia
533 689 604 750 tum
627 686 744 750 melius
774 684 949 770 gubernari
976 688 1009 749 et
1036 685 1107 770 regi

39 848 43 854 ⁴
91 770 253 855 civitates,
281 771 310 835 si
339 776 425 837 esset
452 773 569 857 optimi
597 774 751 858 cuiusque
775 773 815 837 ad
841 773 934 837 illam
960 772 1027 836 vim
1052 772 1106 838 do·

91 859 280 924 minationis
313 859 465 926 adiuncta
496 861 684 928 auctoritas.
728 861 843 946 Itaque
874 861 937 926 hoc
970 861 1105 927 consilio

91 949 125 1011 et
157 947 250 1031 quasi
287 951 402 1013 senatu
443 949 545 1015 fultus
588 954 621 1015 et
656 950 800 1015 munitus
838 952 871 1014 et
907 949 994 1014 bella
1033 970 1106 1015 cum

75 1034 240 1101 ·finitimis
272 1036 457 1102 felicissime
484 1039 589 1103 multa
616 1038 718 1123 gessit
745 1041 793 1122 et,
825 1059 898 1103 cum
926 1037 996 1121 ipse
1025 1037 1105 1102 nihil

91 1145 130 1188 ex
152 1124 274 1208 praeda
301 1125 432 1190 domurn
459 1148 552 1191 suam
579 1130 774 1211 reportaret,
805 1125 1004 1210 locupletare
1027 1126 1106 1192 civis

90 1233 157 1276 non
180 1212 313 1278 destitit.
359 1214 454 1299 Tum,
481 1215 514 1279 id
543 1215 629 1298 qnod
657 1214 836 1280 retinemus
863 1214 960 1279 hodie
989 1232 1158 1299 magnale

82 1310 164 1365 'cum
188 1302 293 1366 salute
316 1302 363 1366 rei
381 1303 540 1385 publicae,
564 1302 715 1386 auspiciis
733 1303 909 1386 plurimum
933 1302 1105 1366 obsecutus

92 1393 143 1454 est
161 1387 329 1455 Romulus.
365 1389 453 1455 Nam
472 1393 505 1456 εὴ
522 1391 600 1476 ipse,
619 1391 706 1475 quod
719 1391 915 1475 principium
933 1391 981 1454 rei
998 1390 1105 1473 publi-

92 1498 147 1541 cae
169 1476 241 1562 fuit,
264 1479 377 1543 urbem
397 1478 541 1544 condidit
559 1479 726 1562 auspicato
746 1482 779 1544 εὴ
797 1479 946 1544 omnibus
965 1478 1105 1563 publicis

90 1566 187 1631 rebus
210 1566 428 1650 instituendis,
452 1568 506 1652 qui
530 1567 593 1632 sibi
617 1570 726 1632 essent
744 1568 779 1631 in
797 1566 959 1650 auspiciis,
982 1587 1021 1630 ex
1041 1567 1105 1632 sin·

91 1654 177 1738 gulis
205 1655 356 1720 tribubus
388 1655 535 1740 singulos
564 1655 730 1738 cooptavit
762 1676 900 1740 augures
928 1657 961 1718 et
988 1654 1105 1719 habuit

90 1743 220 1825 plebem
239 1744 274 1807 in
293 1744 456 1808 clientelas
474 1743 655 1827 principum
676 1743 864 1826 discriptam
883 1741 983 1828 (quod
1007 1764 1105 1826 quan·

90 1833 143 1895 tae
175 1831 278 1896 fuerit
308 1831 460 1914 utilitati,
485 1835 562 1915 post
588 1831 714 1915 videro)
746 1832 930 1914 multaeque
963 1829 1104 1895 dictione

92 1920 202 1984 ovium
225 1923 259 1984 et
281 1919 401 1985 bovum
425 1916 525 2005 (quod
548 1923 618 1983 tum
642 1924 713 1984 erat
734 1941 785 1984 res
809 1920 843 1983 in
865 1939 979 2002 pecore
1003 1921 1036 1982 et
1058 1918 1103 1983 lo·

91 2028 202 2072 corum
211 2008 481 2091 possessionibus,
496 2031 534 2074 ex
546 2030 610 2092 quo
624 2007 825 2091 pecuniosi
839 2010 872 2071 et
885 2007 1102 2089 locupletes

90 2094 313 2182 vocabantur),
334 2118 402 2162 non
424 2097 457 2162 vi
480 2101 513 2161 εὴ
536 2096 704 2182 suppliciis
729 2095 904 2162 coercebat.

157 2271 326 2337 Videtisne
348 2271 449 2356 igitur
471 2271 565 2335 unius
589 2272 652 2337 viri
675 2271 811 2337 consilio
838 2292 903 2336 non
927 2269 1031 2334 solum
1055 2292 1102 2334 or·
1115 2203 1154 2354 12}

91 2363 162 2425 tum
179 2382 299 2426 novum
318 2360 475 2444 populum
497 2380 600 2443 neque
619 2361 657 2423 ut
678 2359 712 2423 in
732 2358 898 2424 cunabulis
917 2357 1101 2441 vagientem

90 2449 253 2533 relictum,
282 2448 338 2513 sed
362 2446 506 2512 adultum
530 2447 595 2510 iam
619 2449 652 2511 et
674 2469 776 2532 paene
798 2446 975 2530 puberem?
1020 2444 1101 2509 Tum

91 2537 233 2602 Laelius:
260 2536 330 2602 Nos
357 2558 434 2601 vero
460 2535 618 2618 videmus,
647 2538 679 2599 et
706 2535 893 2619 tequidem
919 2534 1102 2620 ingressum

90 2626 218 2690 ratione
251 2625 291 2690 ad
327 2624 558 2708 disputandum
593 2644 699 2707 nova,
736 2644 818 2707 quae
855 2643 1014 2706 nusquam
1051 2626 1103 2686 est

90 2714 126 2778 in
154 2712 351 2778 Graecorum
378 2713 481 2778 libris.
525 2711 611 2776 Nam
638 2711 789 2795 princeps
818 2710 887 2792 ille,
914 2731 977 2794 quo
1005 2731 1101 2774 nemo

90 2802 125 2865 in
148 2801 317 2866 scribendo
344 2799 562 2883 praestantior
584 2799 660 2877 fuit,
688 2820 796 2862 aream
824 2798 887 2863 eibi
910 2797 1040 2881 sumsit,
1068 2798 1102 2862 in

91 2909 155 2970 qua
177 2887 341 2953 civitatem
361 2890 523 2953 extrueret
546 2887 705 2951 arbitratu
729 2907 797 2971 suo,
819 2885 1021 2970 praeclaram
1045 2885 1101 2950 ille

91 2974 221 3059 quidem
243 2975 392 3056 fortasse,
416 2976 470 3041 sed
494 2997 514 3040 a
537 2974 604 3039 vita
626 2974 794 3039 hominnm
819 2974 1045 3039 abhorrentem
1069 2978 1102 3038 et

90 3063 244 3145 moribus,
267 3064 383 3149 reliqui
403 3065 622 3129 disseruerunt
641 3063 709 3126 sine
732 3062 796 3126 ullo
817 3066 905 3128 certo
924 3061 1102 3144 exemplari

89 3151 258 3235 formaque
285 3152 333 3215 rei
360 3153 508 3235 publicae
531 3150 570 3216 de
598 3150 770 3236 generibus
798 3154 831 3215 et
853 3150 892 3215 de
919 3149 1063 3216 rationib

92 3238 273 3327 ciuitatum3
297 3242 334 3302 tu
354 3240 434 3304 mihi
454 3239 572 3303 videris
591 3244 765 3322 utrumque
782 3238 943 3324 facturus3
962 3260 996 3305 es
1058 3236 1067 3255 '

91 3328 138 3398 ita
164 3328 343 3412 ingressus,
374 3330 424 3411 ut,
456 3348 537 3412 quae
561 3327 631 3411 ipse
662 3325 822 3412 reperias,
852 3326 995 3395 tribuam

91 3417 186 3481 malis
214 3436 324 3501 quam,
355 3417 393 3479 ut
419 3415 497 3481 facit
525 3415 610 3501 apud
637 3413 810 3483 Platonem

90 3505 212 3591 fingere
232 3507 264 3570 et
285 3502 343 3568 illa
361 3504 400 3570 de
421 3503 511 3569 urbis
534 3503 601 3569 situ
618 3521 751 3571 revoces
767 3498 822 3573 ssi:
