2476 3848
531 178 771 243 -192-

151 331 226 397 dam
244 330 416 414 pertinent,
433 327 555 413 partim
573 330 650 391 sunt
667 327 820 411 inanima,
841 330 879 390 ut
898 349 1021 412 aurum,
1045 349 1160 413 argen-

150 422 235 501 tum,
258 420 295 481 ut
318 439 369 499 ea,
396 438 478 500 quae
502 416 682 501 gignuntur
704 437 721 480 e
743 418 846 498 terra,
872 418 909 479 ut
936 415 1002 480 alia
1030 417 1159 501 generis

151 505 307 588 eiusdem,
328 504 450 589 partim
474 503 640 586 animalia,
668 525 749 587 quae
771 502 895 567 habent
917 525 994 568 suos
1016 503 1159 589 impetus

152 597 306 658 atrorum
320 592 492 676 appetitus.
523 591 648 657 Eorum
660 594 769 655 autem
783 590 848 655 alia
861 591 998 656 rationis
1013 593 1159 676 expertia

152 684 237 765 sunt,
255 681 320 745 alia
333 679 459 745 ratione
473 679 612 762 utentia3
630 682 777 763 expertes
791 679 927 743 rationis
946 680 1030 763 equi,
1049 681 1158 764 boves,

151 770 295 852 reliquae
312 767 459 853 pecudes,
479 769 591 850 [apes]
611 788 747 850 quarum
766 788 862 851 opere
882 766 1020 832 efficitur
1035 768 1159 852 aliquid

151 858 193 922 ad
216 879 310 920 usum
331 855 500 920 hominum
523 857 621 937 atque
642 854 760 937 vitam3
787 854 913 918 ratione
936 859 1046 920 autem
1067 860 1159 921 uten-

151 945 234 1009 tium
258 943 320 1008 duc
344 964 463 1027 genera
484 945 623 1026 ponunt,
651 942 783 1006 deorum
805 963 919 1027 unum,
942 945 1080 1008 alterum
1103 944 1159 1009 ho-

152 1032 284 1096 minum.
337 1029 425 1095 Deos
455 1031 602 1115 placatos
633 1029 738 1114 pietas
770 1029 889 1094 efficiet
922 1034 956 1095 et
992 1032 1159 1116 sanctitas,

152 1120 298 1204 proxime
321 1121 430 1182 autem
453 1121 486 1181 et
506 1117 679 1182 secundum
702 1118 779 1182 deos
801 1117 949 1183 homines
971 1119 1157 1184 hominibus

101 1223 134 1271 12
152 1228 301 1272 maxume
323 1206 420 1270 utiles
444 1227 514 1271 esse
536 1208 682 1290 possunt.
726 1205 911 1290 Earumque
938 1206 1019 1270 item
1041 1230 1158 1292 rerum,

153 1317 236 1379 quae
257 1297 395 1359 noceant
423 1297 455 1357 et
483 1294 606 1377 obsint,
633 1293 744 1358 eadem
767 1293 870 1358 diviso
894 1298 951 1358 est.
997 1293 1060 1359 Sed
1083 1296 1159 1380 quia

153 1383 228 1447 deos
250 1404 366 1447 nocere
388 1403 454 1446 non
476 1385 603 1467 putant,
624 1381 665 1445 iis
689 1382 829 1466 exceptis
852 1382 999 1448 homines
1022 1384 1159 1448 homini-

152 1471 213 1536 bus
233 1471 345 1535 obesse
363 1470 541 1554 plurimum
559 1469 768 1534 arbitrantur.
799 1469 849 1534 Ea
868 1470 953 1535 enim
971 1471 1053 1555 ipsa,
1077 1493 1158 1555 quae

152 1559 296 1624 inanima
310 1559 457 1642 diximus,
470 1557 625 1642 pleraque
639 1561 714 1622 sunt
727 1558 895 1622 hominum
909 1559 1016 1643 operis
1031 1559 1157 1643 effecta,

153 1669 235 1731 quac
261 1669 321 1710 nec
347 1645 554 1728 haberemus,
585 1645 649 1708 nisi
676 1667 791 1710 manus
819 1649 852 1710 et
880 1669 933 1710 ars
961 1647 1158 1729 accessisset,

151 1757 210 1799 nee
232 1735 272 1798 iis
297 1733 365 1798 sine
387 1734 556 1797 hominum
579 1732 858 1797 administratione
883 1739 1054 1798 uteremur.
1094 1733 1158 1798 Ne

153 1845 214 1906 que
242 1821 327 1886 enim
354 1820 548 1885 valetudinis
576 1821 699 1884 curatio
726 1842 830 1905 neque
860 1822 1027 1907 navigatio
1054 1844 1158 1906 neque

153 1909 226 1995 agri
253 1910 380 1973 cultura
406 1929 509 1991 neque
538 1907 670 1993 frugum
701 1907 928 1994 fructuumque
959 1911 1158 1994 reliquorum

153 1996 317 2081 perceptio
337 1998 370 2059 et
389 1995 589 2060 conservatio
610 1996 678 2060 sine
696 1996 863 2060 hominum
882 2019 981 2082 opera
1000 1999 1069 2062 ulla
1087 2020 1158 2062 esse

102 2099 134 2148 13
152 2083 323 2168 potuisset.
367 2081 438 2148 Iam
464 2105 541 2148 vero
569 2087 602 2147 et
628 2105 739 2148 earum
765 2106 886 2168 rerum,
916 2085 1032 2168 quibus
1061 2086 1159 2150 abun·

154 2172 316 2254 daremus,
344 2171 527 2255 exportatio
551 2175 584 2234 et
607 2193 730 2254 earum,
760 2173 877 2255 quibus
904 2193 1084 2258 egeremus,
1112 2175 1159 2237 in·

152 2259 258 2325 vectio
281 2263 366 2324 certe
389 2259 480 2323 nulla
502 2262 602 2343 esset,
628 2260 692 2323 nisi
718 2260 770 2324 his
798 2260 984 2325 muneribus
1008 2261 1157 2326 homines

153 2348 372 2432 fimgerentur.
417 2346 603 2431 Eademque
625 2348 751 2412 ratione
773 2370 832 2414 nec
858 2348 983 2432 lapides
1009 2353 1159 2415 exterra

154 2435 374 2500 exciderentur
401 2436 442 2500 ad
468 2457 562 2499 usum
589 2439 737 2500 nostrum
763 2436 951 2519 necessarii,
981 2458 1041 2502 nec
1069 2437 1159 2501 ‘fer-

154 2546 248 2606 rum,
272 2545 349 2606 aes,
372 2546 518 2607 aurum,
538 2523 756 2609 argentum'
775 2525 968 2589 effoderetur
986 2524 1158 2609 ‘penitus

114 2610 136 2674 4
156 2610 342 2676 abditum'
362 2611 431 2676 sine
448 2612 616 2676 hominum
635 2613 746 2676 labore
766 2615 799 2676 et
817 2635 922 2677 manu.
954 2611 1054 2676 Tecta
1071 2634 1158 2696 vero,

155 2700 270 2783 quibus
300 2703 332 2764 et
358 2699 518 2784 frigorum
545 2699 595 2763 vis
621 2701 797 2784 pelleretur
823 2704 856 2764 et
886 2701 1029 2766 calorum
1059 2702 1159 2764 mole

155 2788 236 2852 stiae
260 2788 461 2871 sedarentur,
486 2787 570 2851 unde
593 2791 650 2851 aut
671 2787 767 2851 initio
790 2789 902 2873 generi
922 2788 1064 2853 humano
1088 2787 1159 2852 dari

154 2876 338 2959 potuissent
357 2879 413 2939 aut
435 2878 550 2959 postea
573 2875 752 2959 subvenire,
776 2876 804 2939 si
827 2880 884 2940 aut
900 2876 934 2941 vi
954 2877 1159 2960 tempestatis

155 2967 212 3026 aut
234 2967 340 3025 terrae
363 2965 454 3026 motu
482 2966 539 3027 aut
566 2966 729 3027 vetustate
756 2963 958 3048 cecidissent,
984 2964 1049 3029 nisi
1076 2986 1161 3029 com-

154 3049 261 3112 munis
284 3049 353 3112 vita
376 3051 418 3114 ab
440 3050 625 3115 hominibus
649 3051 764 3116 harum
784 3074 893 3116 rerum
911 3052 1033 3116 auxilia
1050 3055 1161 3137 petere

89 3149 137 3198 ’14
155 3136 340 3200 didicisset?
376 3136 468 3200 Adde
491 3138 605 3203 ductus
628 3161 794 3223 aquarum,
819 3140 1035 3205 derivationes
1057 3140 1162 3204 flumi-

153 3247 241 3306 num,
264 3244 417 3308 agrorum
439 3224 662 3311 inrigationes,
685 3227 787 3292 moles
811 3228 978 3313 oppositas
998 3228 1161 3313 fluctibus,

154 3316 268 3396 portus
291 3333 389 3376 manu
410 3311 529 3396 factos,
557 3336 638 3398 quae
665 3315 748 3379 unde
766 3311 845 3380 'sine
871 3316 1041 3381 hominum
1064 3338 1162 3401 opere

154 3399 273 3464 habere
304 3401 495 3484 possemus?
546 3401 597 3465 Ex
629 3402 745 3486 quibus
777 3404 953 3488 multisque
986 3405 1059 3469 aliis
1090 3426 1163 3489 per·

63 3510 110 3630 Ι
155 3489 302 3572 spicuum
325 3492 387 3574 est,
414 3489 470 3574 qui
496 3489 620 3555 frustm
649 3512 795 3576 quaeque
817 3492 978 3559 utilitates
1002 3514 1041 3558 ex
1063 3493 1163 3558 rebus
