2476 3848
529 211 571 222 —
616 175 769 240 324-

145 357 242 400 causa
264 333 461 419 peccaveris3
487 355 563 396 nam
587 354 660 397 cum
683 332 885 397 conciliatrix
904 331 1065 397 amicitiae
1092 332 1160 398 vir·

146 423 227 487 tutis
251 422 359 506 opinio
378 420 485 505 fuerit,
508 420 639 485 difficile
658 423 708 484 est
726 420 903 485 amicitiam
924 441 1063 498 manere,
1087 422 1116 485 si
1137 445 1159 487 a

94 527 128 577 38
146 510 267 576 virtute
286 509 447 574 defeceris.
484 507 605 583 Quodsi
625 510 750 572 rectum
773 508 982 572 statuerimus
1004 509 1057 572 vel
1081 530 1160 575 con-

146 598 257 663 cedere
281 598 404 680 amicis,
432 596 586 680 quidquid
614 596 729 673 velint,
755 596 807 661 vel
834 596 999 680 inpetrare
1035 596 1159 682 abiis,

148 686 302 769 quidquid
324 686 470 769 velimus,
493 683 637 768 perfecta
660 684 789 767 quidem
812 684 973 768 sapientia
996 684 1024 748 si
1042 683 1159 769 simus,

146 774 229 838 nihil
252 774 372 838 habeat
395 794 446 838 res
469 772 555 854 vitii3
580 772 635 835 sed
656 771 819 855 loquimur
838 773 876 835 de
894 771 935 836 iis
955 772 1075 856 amicis,
1099 775 1160 856 qui

149 865 223 925 ante
243 862 352 926 oculos
372 863 456 942 sunt,
476 881 557 944 quos
576 858 714 924 vidimus
733 863 790 924 aut
808 858 847 925 de
866 860 983 943 quibus
998 862 1159 927 memoria

149 949 338 1033 accepimus,
356 970 436 1032 quos
454 947 547 1012 novit
565 947 635 1012 rita
651 947 839 1012 communis.
877 947 928 1011 Ex
941 947 1004 1013 hoc
1018 970 1158 1015 numero

148 1036 242 1100 nobis
257 1037 404 1119 exempla
417 1035 573 1100 sumenda
588 1038 672 1114 sunt,
691 1038 849 1099 eteorum
864 1035 992 1117 quidem
1006 1036 1158 1120 maxime,

96 1139 129 1189 39
149 1123 204 1206 qui
222 1123 263 1186 ad
281 1124 472 1207 sapientiam
485 1145 641 1209 proxume
662 1123 824 1187 accedunt.
855 1122 1019 1188 Videmus
1028 1123 1157 1208 Papum

148 1210 324 1274 Aemilium
351 1210 487 1276 Luscino
514 1211 710 1276 familiarem
742 1210 842 1275 fuisse
870 1210 930 1295 (sic
958 1233 978 1275 a
1004 1212 1156 1295 patribus

149 1294 355 1384 accepimus),
372 1298 423 1362 bis
440 1321 504 1362 una
523 1299 679 1380 consules,
698 1299 841 1383 collegas
860 1298 894 1362 in
912 1321 1060 1383 censura3
1083 1303 1157 1366 tum

149 1388 277 1449 etcum
300 1386 340 1450 iis
364 1389 396 1451 et
418 1387 502 1450 inter
525 1408 560 1450 se
588 1386 868 1452 coniunctissimos
895 1386 996 1451 fuisse
1018 1386 1070 1451 Μ’.
1094 1386 1157 1453 Gu-

149 1473 242 1557 rium,
265 1473 312 1538 Ti.
328 1471 563 1539 Coruncanium
582 1474 756 1539 memoriae
774 1473 938 1557 proditum
953 1478 1011 1539 est.
1047 1474 1158 1560 Igitur

148 1584 189 1626 ne
217 1563 373 1647 suspicari
400 1561 528 1644 quidem
555 1584 726 1646 possumus
756 1583 950 1645 quemquam
971 1562 1087 1627 horum
1111 1564 1154 1628 ab

150 1651 253 1715 amico
273 1648 439 1733 quippiam
453 1649 663 1733 contendisse,
682 1649 768 1733 quod
786 1653 899 1713 contra
916 1649 1021 1730 fidem,
1038 1653 1156 1714 contra

95 1732 98 1739 ’
149 1738 200 1801 ius
222 1737 408 1820 iurandum,
432 1741 545 1801 contra
567 1759 636 1801 rem
658 1738 822 1820 publicam
845 1740 939 1801 esset.
982 1735 1067 1800 Nam
1089 1736 1154 1802 hoc

150 1825 278 1908 quidem
300 1824 335 1887 in
357 1825 477 1889 talibus
501 1825 579 1889 viris
603 1824 680 1908 quid
701 1826 824 1889 adtinet
843 1825 957 1909 dicere,
978 1823 1007 1888 si
1023 1826 1154 1888 conten·

149 1913 262 1992 disset,
284 1911 534 1994 impetraturum
556 1934 622 1975 non
642 1912 764 1977 fuisse?
787 1935 861 1977 oum
882 1913 934 1976 illi
958 1911 1156 1977 sanctissimi

148 2000 210 2065 viri
242 1999 375 2080 fuerint,
409 2019 506 2082 aeque
539 2003 648 2063 autem
678 1999 770 2064 nefas
803 2000 847 2063 sit
875 2000 943 2064 tale
971 2000 1093 2085 aliquid
1121 2005 1155 2065 et

149 2087 253 2150 facere
285 2090 439 2170 rogatum
468 2089 500 2150 et
526 2108 650 2172 rogare.
695 2087 742 2150 At
769 2108 845 2153 uero
874 2087 944 2153 Tib.
972 2086 1156 2153 Gracchum

150 2174 366 2256 sequebantur
380 2173 415 2239 O.
430 2171 544 2258 Carbo,
567 2173 602 2240 (l.
619 2173 710 2260 Cato,
733 2179 766 2240 et
784 2174 916 2239 minime
934 2179 1006 2240 tum
1025 2176 1156 2260 quidem

149 2259 183 2325 O.
205 2261 307 2324 frater
333 2283 418 2327 nunc
440 2261 525 2325 idem
548 2263 731 2328 acerrimus.

214 2346 304 2412 Haeo
330 2349 432 2435 igitur
459 2351 512 2413 lex
537 2351 571 2414 in
598 2352 741 2415 amicitia
772 2351 949 2433 sanciatur,
980 2354 1019 2415 ut
1048 2371 1156 2435 neque

147 2456 299 2522 rogemus
322 2459 374 2501 res
397 2442 508 2522 turpes
526 2459 584 2502 nec
600 2439 757 2503 faciamus
776 2439 893 2524 rogati.
930 2438 1047 2523 Turpis
1067 2439 1156 2504 enim

148 2525 311 2589 excusatio
344 2528 394 2589 est
426 2529 459 2590 et
491 2526 621 2589 minime
654 2526 838 2611 accipienda
869 2546 943 2592 cum
973 2526 1009 2590 in
1037 2527 1156 2592 ceteris

146 2613 302 2696 peccatis,
329 2617 399 2678 tum
427 2614 455 2677 si
482 2614 553 2697 quis
582 2617 695 2678 contra
721 2635 790 2678 rem
812 2614 976 2698 publicam
1000 2635 1034 2678 se
1057 2615 1157 2681 amici

147 2723 245 2765 causa
261 2700 376 2765 fecisse
397 2700 547 2765 fateatur.
578 2700 708 2765 Etenim
727 2723 764 2766 eo
784 2702 865 2786 loco,
887 2701 992 2766 Fanni
1010 2705 1044 2766 et
1062 2699 1157 2768 Scae-

147 2789 235 2871 vola,
264 2789 363 2853 locati
386 2810 509 2871 sumus,
536 2791 573 2852 ut
594 2809 654 2853 nos
677 2789 773 2873 longe
796 2790 981 2874 prospicere
1004 2792 1157 2874 oporteat

147 2875 274 2940 futuros
298 2898 390 2941 casus
413 2877 460 2941 rei
486 2876 644 2961 publicae.
690 2876 829 2941 Defiexit
856 2878 922 2942 iam
950 2877 1157 2961 aliquantum

93 2974 127 3022 41
148 2962 186 3026 de
223 2964 330 3047 spatio
367 2965 588 3048 curriculoque
625 2965 821 3029 consuetudo
858 2964 1026 3030 maiorum
1083 2964 1157 3031 Tib.

148 3049 312 3114 Gracchus
335 3073 470 3137 regnum
494 3074 649 3136 occupare
672 3055 808 3117 conatus
831 3056 895 3136 est,
924 3053 976 3118 vel
1003 3053 1158 3137 regnavit

146 3137 175 3200 is
199 3137 327 3219 quidem
350 3162 468 3223 paucos
492 3162 626 3204 menses.
672 3139 760 3205 Num
783 3141 860 3224 quid
883 3141 988 3206 simile
1012 3140 1157 3223 populus

146 3223 312 3288 Romanus
332 3227 476 3291 audierat
495 3232 551 3293 aut
569 3228 715 3293 viderat?
748 3227 843 3294 Hunc
861 3229 960 3293 etiarn
978 3230 1055 3312 post
1071 3249 1157 3292 mor-

146 3315 213 3376 tem
237 3314 338 3377 secuti
357 3315 451 3378 amici
470 3319 502 3379 et
521 3316 694 3400 propinqui
716 3316 794 3401 quid
810 3317 845 3380 in
861 3316 897 3383 P.
912 3315 1062 3400 Scipione
1081 3315 1157 3381 effe·

146 3401 261 3483 cerint,
292 3401 360 3486 sine
387 3403 529 3467 lacrimis
556 3425 621 3468 non
650 3425 732 3488 queo
760 3404 873 3470 dicere.
919 3403 1006 3469 Nam
1033 3401 1157 3469 Carbo-

92 3530 98 3589 ,
143 3506 232 3576 nem,
265 3511 464 3575 quocumque
491 3491 587 3556 modo
617 3492 797 3579 potuimus,
828 3495 963 3579 propter
986 3494 1158 3558 recentem

96 2403 130 2453 40
