2476 3848
528 139 768 205 -472-

137 302 238 367 teritu
262 299 445 364 sententiae
469 320 596 382 quoque
621 299 780 380 occidunt,
806 298 862 364 scd
885 299 989 365 lucem
1013 301 1162 367 auctoris

137 388 277 454 fortasse
293 387 489 472 desiderant3
509 391 545 452 ut
559 388 640 453 hacc
658 389 693 453 in
711 386 920 471 philosophia
938 388 1022 453 ratic
1042 393 1160 455 contra

138 478 248 543 omnia
271 477 450 541 disserendi
469 476 656 561 nullamque
674 498 743 542 ram
767 480 879 560 aperte
901 476 1064 542 iudicandi
1082 498 1160 562 pro-

137 567 224 631 fecta
252 588 271 630 a
300 564 447 648 Socrate,
483 565 624 649 repetita
652 566 693 630 ab
722 564 883 647 Arcesila,
918 566 1112 631 confirmata
1141 589 1161 632 a

129 652 306 720 Carneade
338 674 441 737 usque
474 652 516 717 ad
546 658 695 718 nostram
727 653 833 738 viguit
864 656 1021 739 actatcm3
1059 675 1161 738 quam

137 765 224 809 nunc
246 764 348 827 prope
372 741 502 806 modum
527 742 640 806 orbam
664 763 734 806 esse
757 742 793 806 in
815 741 887 825 ipsa
905 739 1041 807 Graecia
1064 743 1160 809 intel·

138 833 223 917 lego.
269 829 361 907 Quod
380 852 447 895 non
467 830 659 895 Academiae
684 831 772 914 vitio,
795 830 852 895 sed
875 830 1029 895 tarditate
1052 831 1162 897 homi-

139 943 217 985 num
242 920 383 985 arbitror
407 920 591 1004 contigisse.
638 917 724 983 Nam
748 921 776 984 si
798 918 943 1004 singulas
968 919 1160 1004 disciplinas

138 1009 303 1094 percipere
332 1028 486 1092 magnum
514 1012 578 1091 cst,
609 1012 731 1092 quanto
763 1008 869 1072 maius
897 1008 1024 1073 omnis?
1071 1009 1162 1093 quod

139 1098 246 1162 facere
269 1097 311 1161 iis
333 1118 463 1161 necessa
487 1099 553 1181 est,
576 1097 693 1181 quibus
716 1097 923 1182 propositum
945 1101 995 1160 cst
1016 1096 1088 1162 veri
1111 1119 1161 1162 rc·

139 1185 285 1270 pericndi
317 1207 415 1250 causa
448 1188 480 1249 et
512 1188 628 1250 contra
658 1185 764 1250 omnis
796 1184 1010 1269 philosophos
1038 1189 1073 1250 ct
1099 1208 1161 1270 pro

86 1292 124 1342 12
141 1276 292 1340 omnibus
326 1274 441 1339 dicere.
491 1271 591 1339 Cuius
623 1274 671 1337 rei
703 1277 814 1339 tantae
846 1278 978 1359 tamque
1015 1272 1161 1340 difficilis

141 1363 334 1428 facultatem
352 1366 562 1427 consecutum
582 1383 652 1427 esse
671 1384 722 1426 me
740 1384 808 1426 non
826 1363 990 1446 profiteor,
1011 1366 1162 1428 secutum

141 1473 211 1516 esse
239 1474 317 1535 prce
344 1473 396 1515 me
422 1451 501 1519 fero.
546 1449 615 1516 Nec
644 1455 754 1531 teman
781 1451 855 1516 fieri
882 1454 1006 1535 potest,
1028 1455 1079 1535 ut,
1104 1452 1162 1536 qui

140 1540 203 1605 hac
225 1541 353 1606 ratione
376 1539 656 1624 philosophentur,
679 1541 703 1604 ii
721 1540 803 1604 nihil
825 1541 980 1623 habeant,
1003 1539 1089 1623 quod
1114 1561 1161 1605 sc·

141 1632 293 1713 quantur.
329 1628 460 1694 Dictum
484 1632 535 1692 est
554 1630 684 1693 omnino
708 1629 829 1695 dehac
852 1650 887 1692 re
911 1628 977 1692 alio
996 1628 1067 1693 lccc
1086 1627 1159 1690 dili·

142 1718 287 1803 gentius,
320 1717 389 1801 sed,
422 1717 499 1802 quia
530 1717 627 1781 nimis
655 1717 813 1783 indociles
847 1717 979 1801 quidam
1010 1714 1160 1800 tardique

143 1810 227 1889 aunt,
251 1805 444 1870 admonendi
472 1805 622 1870 videntur
644 1807 781 1889 saepius.
826 1805 903 1871 Non
931 1806 1017 1870 enim
1047 1824 1161 1869 sumus

141 1895 175 1979 ii,
199 1894 315 1980 quibus
339 1893 420 1957 nihil
439 1915 551 1958 verum
575 1915 645 1958 esse
664 1894 822 1978 videatur,
845 1895 901 1959 sed
920 1894 954 1977 ii,
976 1892 1033 1977 qni
1055 1891 1161 1958 omni·

141 1984 203 2047 bus
226 1983 310 2047 veris
334 1980 421 2045 falsa
444 1982 604 2083 quaedam
629 1982 781 2047 adiuncta
804 2004 876 2049 esse
895 1983 1040 2047 dicamus
1062 1984 1161 2047 tanta

143 2069 370 2152 similitudine,
398 2071 471 2133 ut
461 2092 495 2133 iu
523 2069 564 2133 iis
591 2071 721 2135 nulla
712 2071 791 2134 rnsit
819 2075 908 2136 certa
934 2069 1099 2135 iudicandi
1130 2073 1165 2134 ct

144 2158 258 2223 adsent
244 2157 346 2221 tiendi
373 2162 461 2222 ncta
433 2157 556 2222 aEx
584 2181 648 2244 quc
679 2159 807 2224 exstitit
833 2160 926 2244 illud,
957 2159 1062 2224 multa
1089 2179 1163 2224 csse

143 2246 335 2349 prebebilia,
359 2267 440 2330 quae
464 2268 660 2331 quamquam
679 2270 745 2314 non
767 2249 1019 2332 perciperentur,
1041 2250 1165 2333 tamen,

144 2336 220 2419 quia
242 2333 348 2399 visum
372 2335 532 2419 quendam
556 2336 747 2402 haberent
737 2338 957 2423 insignemet
980 2336 1166 2420 inlustrem,

144 2424 186 2490 iis
210 2424 366 2508 sapientis
390 2424 459 2489 vita
481 2430 659 2510 regeretur.

513 2680 563 2754 16,
583 2680 724 2755 42-20,
744 2681 795 2739 56.

212 2779 255 2845 66
284 2779 357 2859 tulgi
386 2788 441 2844 666
475 2780 552 2844 einer
582 2779 672 2861 66666
674 2780 761 2861 66666
788 2781 989 2862 6666666666
1017 2780 1088 2846 fiber
1116 2780 1165 2846 tie

145 2869 244 2932 66666
264 2869 313 2933 ber
327 2865 389 2933 dut
390 2873 432 2932 tet
447 2868 497 2933 666
495 2868 641 2957 6666666
657 2870 708 2934 bec
724 2870 896 2951 66666666
911 2869 1054 2949 666666.
1084 2868 1165 2950 niuei

146 2957 223 3021 einer
245 2956 461 3038 lummuuilcteu
488 2943 629 3037 6666666
656 2957 726 3021 uia
754 2958 800 3024 tie
823 2958 1008 3040 iileiuuugcu
1035 2959 1086 3022 ter
1111 2975 1165 3022 66

145 3045 231 3109 berec
253 3044 450 3125 iibilulcpteu
472 3046 530 3111 666
555 3044 645 3110 ciuem
669 3045 831 3126 66666666
854 3046 1025 3114 &circuitui
1046 3046 1100 3126 auf
1118 3045 1168 3110 tte

145 3133 292 3211 66666666
310 3132 359 3196 tet
378 3133 493 3209 66666
515 3135 574 3198 666
594 3135 638 3199 tie
661 3135 868 3216 6666666666
887 3135 1090 3216 6666666666
1112 3136 1168 3200 ies

145 3219 268 3300 666666
268 3212 379 3285 catena
402 3223 473 3286 uiri
493 3221 618 3302 666666
638 3220 821 3305 ditissimus
844 3225 1169 3307 66666666661666666

146 3306 194 3384 {lu
208 3309 256 3372 666
271 3308 467 3388 angebamur
482 3312 558 3389 666
572 3323 629 3376 666
643 3311 770 3379 666666
785 3309 985 3400 (anticipatio,
998 3309 1169 3396 πρόληψις)

208 3402 234 3461 ct
261 3398 368 3479 66666
395 3399 463 3478 ,aa
490 3399 661 3480 6666666
685 3403 846 3483 6666666,
869 3403 914 3469 tie
937 3401 1074 3482 calciat
1102 3403 1168 3466 unt

62 3395 408 3633 abaciacus
387 3487 511 3552 666666
535 3487 607 3554 mitt
631 3489 704 3556 6666
724 3488 1019 3574 cicumcisionem
1044 3497 1109 3554 666
1134 3508 1171 3556 eu
