2476 3848
478 193 717 257 4367-

96 354 137 418 ob
167 373 299 436 eamque
326 373 458 418 causam
485 352 724 436 contemplandi
752 352 953 436 diligentiam
982 355 1101 417 amitti-

96 463 176 507 mus.
208 439 322 524 Itaque
336 440 499 522 dubitans,
516 441 794 523 circumspectans,
812 441 984 524 haesitans,
998 442 1101 505 multa

97 530 232 594 adversa
258 550 406 595 reverens
434 532 600 612 tamquam
627 529 811 593 1111111111
841 530 924 593 mari
955 529 1100 594 inmenso

96 621 208 681 nostra
230 617 356 681 vehitur
378 617 471 682 ratio.
508 614 569 680 Sed
586 616 668 680 haec
688 619 721 680 et
743 619 904 681 11111111
923 638 942 680 a
961 615 1100 680 Graecis.
1120 631 1154 684 74

98 703 179 768 Cato
212 709 320 770 autem
352 705 400 770 sic
435 704 517 768 abiit
550 725 567 766 e
599 704 681 787 vita,
713 708 749 768 ut
781 724 912 768 causam
943 703 1101 767 moriendi

96 798 228 856 nactum
251 813 285 856 11
308 814 378 856 1111
408 791 571 876 gauderet.
616 789 715 854 Vetat
742 792 827 854 enim
855 791 1023 855 dominans
1045 791 1101 856 ille

97 882 132 943 in
158 880 252 944 nobis
280 880 356 945 deus
384 879 509 944 iniussu
536 878 613 943 hinc
640 900 699 943 nos
724 900 781 942 suo
805 879 999 963 demigrare,
1029 901 1101 943 cum

97 989 172 1032 vero
192 988 321 1031 causam
339 969 458 1032 iustam
477 967 555 1031 deus
573 966 644 1050 ipse
661 966 797 1051 dederit,
819 970 856 1032 ut
872 970 950 1031 tunc
968 965 1102 1049 Socrati,

96 1076 180 1119 nunc
208 1053 338 1132 Catoni,
366 1076 460 1137 saepe
488 1054 611 1138 multis,
637 1076 678 1118 ne
705 1054 760 1118 ille
790 1055 1028 1120 mediusfidius
1052 1056 1102 1118 vir

98 1144 226 1225 sapiens
245 1141 348 1207 laetus
367 1163 405 1205 ex
423 1142 475 1206 his
498 1142 641 1207 tenebris
663 1142 699 1205 in
720 1142 825 1207 lucem
848 1142 938 1206 illam
960 1164 1101 1207 excesse-

97 1233 155 1312 rit,
177 1252 236 1295 nec
258 1233 367 1294 tamen
389 1229 447 1294 illa
464 1230 570 1293 vincla
589 1229 723 1294 carceris
745 1229 868 1313 ruperit
891 1229 992 1316 (leges
1016 1231 1102 1296 enim

97 1315 236 1401 vetant),
269 1317 325 1383 sed
356 1320 523 1400 tamquam
554 1340 573 1381 a
605 1318 800 1401 magistratu
832 1322 889 1382 aut
920 1319 961 1384 ab
994 1319 1102 1403 aliqua

97 1409 259 1490 potestate
281 1405 442 1489 legitima,
470 1404 516 1468 sic
544 1426 564 1469 a
590 1404 648 1470 deo
672 1409 821 1469 evocatus
847 1410 944 1489 atque
968 1407 1102 1470 emissus

97 1495 219 1559 exierit.
264 1492 349 1558 Tota
370 1492 457 1556 enim
479 1492 748 1577 philosophorum
770 1493 852 1576 1111,
879 1498 916 1558 ut
938 1494 986 1558 ait
1008 1493 1100 1594 idem,

98 1581 325 1647 commentatio
358 1580 472 1645 mortis
504 1585 563 1646 111.
618 1579 704 1645 Nam
735 1581 810 1664 quid
843 1581 929 1646 aliud
966 1582 1090 1665 agimus

98 1693 170 1736 cum
198 1693 217 1734 a
242 1670 422 1753 voluptate,
449 1668 482 1733 id
510 1672 560 1733 111
587 1691 607 1733 1
634 1689 780 1750 corpore,
807 1690 879 1733 cum
905 1692 924 1733 a
946 1691 980 1733 re
1007 1669 1102 1733 fami-

97 1760 183 1841 liari,
206 1780 288 1842 quae
311 1761 360 1822 111
382 1757 532 1821 ministra
554 1760 587 1821 et
608 1757 731 1820 famula
750 1757 907 1840 corporis,
930 1780 1002 1821 cum
1024 1780 1044 1821 a
1067 1779 1101 1821 11

97 1847 241 1930 publica,
282 1869 355 1911 cum
392 1868 412 1911 a
443 1844 575 1930 negotio
607 1845 695 1909 omni
733 1865 919 1910 sevocamus
950 1846 1102 1928 animum,

1080 1553 1153 1682 ‚a

98 1935 186 2020 quid,
210 1935 355 2018 inquam,
376 1938 447 1999 tum
471 1933 610 2019 agimus,
631 1933 696 1998 11111
719 1934 862 1997 animum
881 1932 922 1996 ad
943 1955 976 1997 se
995 1935 1102 2016 ipsum

98 2024 305 2104 advocamus,
329 2044 436 2086 secum
455 2043 525 2086 1111
545 2021 690 2106 cogimus
713 2022 913 2105 maximeque
931 2043 952 2086 1
969 2043 1101 2105 corpore

99 2110 308 2174 abducimus?
336 2107 506 2173 Seccrnere
521 2113 627 2174 autem
642 2132 662 2173 a
675 2130 808 2192 corpore
822 2109 965 2173 animum
976 2111 1102 2194 ecquid·

97 2218 174 2259 nam
197 2196 285 2259 aliud
308 2197 436 2260 estetsi
454 2197 538 2260 mori
561 2197 702 2261 discere?
739 2197 843 2274 Quare
866 2198 927 2263 hoc
945 2220 1102 2262 commen-

97 2287 216 2364 temur,
239 2282 320 2345 mihi
342 2282 447 2364 crede,
471 2283 754 2383 disiungamusque
777 2307 836 2350 nos
860 2308 880 2350 a
903 2288 1102 2387 corporibuS,

98 2370 208 2434 idt
159 2373 208 2434 est
235 2389 478 2434 consuescamus
506 2372 598 2435 mori
647 2371 733 2455 Hoc,
761 2376 795 2437 et
824 2373 898 2437 dum
927 2375 1044 2437 erimus
1060 2375 1102 2440 in

98 2458 207 2536 terris,
234 2457 296 2520 erit
322 2456 370 2520 illi
398 2457 530 2521 caelesti
551 2458 637 2522 vitae
660 2421 779 2541 simile,
807 2464 935 2525 etcum
962 2460 1040 2524 illuc
1063 2482 1100 2523 ex

98 2547 149 2611 his
177 2509 291 2610 11111111
319 2545 429 2609 emissi
456 2544 610 2629 feremur,
642 2546 747 2610 minus
780 2548 922 2612 tardabit
908 2551 961 2611 tur
990 2569 1099 2611 cursus

98 2636 286 2700 animorum.
331 2633 416 2697 Nam
438 2633 493 2717 qui
516 2635 551 2697 in
573 2635 780 2717 compedibus
809 2635 952 2717 corporis
975 2656 1101 2717 semper

97 2723 239 2806 filerunt,
267 2723 364 2787 etiam
392 2743 463 2786 cum
486 2721 585 2786 soluti
608 2727 695 2805 sunt,
725 2722 848 2786 tardius
871 2721 1100 2805 ingrediuntur,

97 2817 134 2873 ut
159 2810 196 2893 ii,
231 2811 286 2893 qui
313 2810 398 2875 ferro
425 2810 527 2874 vincti
554 2811 672 2874 multos
705 2831 807 2875 annos
838 2809 974 2873 fuerunt.
1029 2808 1098 2884 Quo

61 2947 63 2952 .
97 2918 169 2961 cum
202 2899 394 2980 venerimus,
428 2903 496 2963 tum
530 2897 665 2982 denique
697 2899 849 2962 vivemus.
904 2895 989 2962 Nam
1021 2896 1100 2963 haec

98 2984 226 3068 quidem
258 2985 325 3048 vita
356 3007 443 3050 mors
477 2989 538 3069 est,
570 3008 666 3070 quam
697 2985 869 3050 lamentari
899 3006 1041 3068 possem,
1071 2985 1100 3050 si

96 3073 221 3137 liberet.

161 3162 202 3225 A.
229 3157 316 3224 Satis
334 3163 372 3224 tu
390 3160 519 3244 quidem
537 3161 571 3224 in
590 3159 818 3226 Consolatione
838 3181 871 3226 es
891 3162 1098 3248 lamentatus,
1119 3183 1153 3234 71

97 3271 193 3332 quam
216 3270 289 3313 cum
312 3248 399 3331 lego,
421 3248 504 3313 nihil
527 3249 612 3312 malo
636 3271 733 3332 quam
755 3250 814 3314 has
837 3271 889 3314 res
911 3250 1099 3335 relinquere,

96 3337 148 3400 his
172 3358 246 3401 vero
271 3336 365 3400 modo
389 3335 507 3400 auditis
530 3336 632 3400 multo
656 3338 770 3421 magis.

161 3431 206 3490 Μ.
228 3423 345 3488 Veniet
369 3427 510 3507 tempus,
543 3427 576 3487 et
602 3425 730 3508 quidem
762 3425 918 3509 celeriter,
952 3426 1019 3491 sive
1046 3448 1099 3504 11-
1140 3440 1151 3505 j

95 3512 250 3577 tractabis
278 3513 345 3577 sive
372 3512 576 3596 properabis,
604 3513 692 3578 volat
714 3515 798 3578 enim
821 3519 919 3579 aetas.
959 3513 1098 3579 Tantum
