2476 3848
550 178 779 241 „404-

527 343 568 400 10
597 343 735 414 23-11,
755 341 806 398 ιι.

225 445 394 522 eiateitung
417 444 475 507 aot
499 390 683 522 qemeintome
706 442 812 506 {turbe
835 441 883 505 tea
906 437 1140 518 tritonidotten.

225 618 354 682 Doloris
378 617 473 680 huius
492 616 593 701 igitur
617 616 709 698 origo
731 615 825 680 nobis
846 613 1034 697 explicanda
1053 615 1115 697 est,
1137 612 1173 676 id

158 709 209 769 est
236 727 334 770 causa
363 704 506 768 efficiens
538 703 771 786 aegritudinem
799 705 833 765 in
861 702 968 766 animo
1001 705 1173 784 tamquam

159 794 414 874 aegrotationem
428 793 463 855 in
477 813 619 875 corpore.
660 790 745 854 Nam
759 793 796 854 ut
815 790 930 854 medici
946 810 1043 854 causa
1061 788 1173 853 morbi

162 881 295 944 inventa
309 879 508 945 curationem
524 901 593 943 esse
612 879 724 942 invent
710 883 776 942 tam
792 881 917 961 putant,
936 876 982 941 sic
997 897 1056 940 nos
1071 893 1173 941 causa

160 968 372 1118 aegritudinis
394 971 502 1050 repert
503 989 523 1031 a
488 966 689 1031 tmedcndi
712 966 899 1031 facultatem
918 966 1126 1050 reperiemus.

225 1055 319 1120 Est
309 1057 372 1140 igit
373 1076 411 1119 ur
430 1076 527 1119 causa
542 1055 647 1119 omnis
666 1055 700 1118 iu
715 1054 878 1137 opinione,
896 1074 954 1116 nec
972 1074 1047 1116 vero
1068 1053 1174 1138 aegri-

106 1123 280 1207 ”tudinis
305 1143 422 1226 solum,
450 1141 569 1206 sedet
537 1143 634 1205 eitam
658 1142 856 1225 reliquarum
881 1139 1023 1206 omnium
1047 1144 1171 1224 pertur-

159 1232 337 1308 bationum,
363 1252 442 1314 quae
467 1233 542 1293 sunt
560 1251 677 1313 genere
697 1232 860 1330 quattuor,
880 1228 1032 1330 partibus
1050 1229 1173 1311 plures.

159 1316 244 1383 Nam
268 1340 340 1382 cum
365 1319 468 1381 omnis
498 1317 698 1401 perturbatio
723 1318 766 1380 sit
789 1316 889 1381 enimi
916 1319 1023 1380 motus
1046 1316 1098 1380 vel
1122 1338 1174 1380 ra·

159 1405 257 1471 tionis
281 1426 393 1489 expers
416 1404 467 1469 vel
490 1405 649 1470 rationem
678 1425 854 1489 aspernans
882 1404 936 1469 vel
962 1403 1082 1468 rationi
1105 1425 1172 1468 non

41 1524 57 1533 ι
160 1493 348 1576 oboediam,
379 1493 470 1577 isque
502 1496 609 1557 motus
638 1497 694 1556 aut
721 1494 799 1556 boui
826 1495 884 1556 aut
911 1492 989 1555 mali
1019 1491 1173 1575 opinione

160 1583 276 1646 citetur
307 1580 472 1663 bifariam,
505 1584 659 1665 quattuor
695 1580 955 1664 perturbationes
992 1579 1174 1665 acqualiter

161 1668 353 1733 distributae
382 1671 466 1732 sunt.
511 1668 596 1732 Nam
625 1667 707 1731 duae
735 1671 810 1731 sunt
837 1689 875 1732 ex
904 1667 1056 1751 opinione
1083 1668 1172 1750 boni,

160 1779 296 1839 quarum
330 1756 444 1838 altera,
476 1756 659 1837 voluptas
688 1756 876 1838 gestiens,
903 1756 936 1818 id
965 1758 1014 1818 est
1041 1759 1172 1839 praeter

159 1845 288 1909 modum
314 1843 400 1906 elata
423 1842 564 1924 laetitia,
593 1843 743 1925 opinione
772 1844 954 1927 praesentis
977 1843 1089 1928 magni
1113 1843 1172 1906 ali-

160 1932 249 1996 euius
272 1930 360 2007 boni,
385 1930 496 2013 altera,
519 1950 601 2011 quae
625 1933 674 1993 est
697 1930 899 1994 inmoderata
922 1930 1078 2014 adpetitio
1103 1931 1171 2015 opi·

159 2019 228 2083 nati
251 2017 363 2100 magni
386 2017 464 2081 boni
486 2015 607 2080 rationi
630 2039 697 2081 non
720 2018 777 2082 obt
763 2022 960 2101 temperans,
989 2018 1042 2082 vel
1065 2020 1172 2103 cupi·

106 2121 140 2169 25
160 2106 263 2169 ditas
286 2106 372 2166 recte
395 2104 446 2168 vel
474 2102 600 2167 libido
628 2104 691 2169 dici
718 2110 777 2189 pot
778 2110 835 2169 est.
879 2104 971 2191 Ergo
998 2104 1078 2171 haec
1106 2106 1171 2171 duo

159 2212 288 2275 genera,
312 2191 462 2274 voluptas
484 2194 555 2276 gest
557 2213 625 2255 rens
646 2197 677 2256 e
700 2192 811 2277 libido,
833 2194 993 2258 bonorum
1016 2194 1170 2278 opinione

158 2279 294 2342 turbant
280 2282 347 2358 tur,
374 2282 411 2342 ut
437 2280 500 2344 duo
528 2280 662 2365 reliqua,
696 2285 801 2345 metus
830 2285 863 2344 et
890 2281 1072 2364 aegritudo,
1099 2306 1167 2348 ma·

158 2369 272 2432 lorum.
318 2365 403 2431 Nam
427 2371 460 2431 et
482 2372 604 2431 metus
628 2368 737 2450 opinio
762 2368 871 2453 magni
895 2369 973 2433 mali
995 2370 1168 2452 inpenden-

158 2456 202 2520 tis
226 2460 259 2520 et
287 2455 489 2540 aegritudo
517 2459 567 2519 est
594 2456 705 2538 opinio
734 2458 841 2540 magui
869 2456 948 2521 mali
975 2459 1168 2541 praesentis,

159 2548 193 2607 et
216 2543 344 2628 quidem
372 2564 483 2607 recens
507 2544 615 2626 opinio
643 2543 720 2607 talis
749 2543 843 2628 mali,
866 2545 961 2608 utin
984 2565 1021 2609 eo
1044 2547 1168 2610 rectum

158 2632 305 2696 videatur
332 2653 401 2695 esse
430 2629 520 2714 augi,
548 2629 580 2693 id
609 2635 717 2695 autem
745 2635 809 2709 est,
836 2634 873 2694 ut
900 2633 942 2714 is,
971 2633 1025 2715 qui
1051 2632 1170 2717 doleat,

159 2724 308 2802 oportere
328 2720 477 2802 opinetur
499 2739 533 2782 se
557 2718 673 2784 dolere.
709 2719 769 2782 His
789 2722 894 2783 autem
915 2720 1168 2820 perturbationi·

158 2807 219 2870 bus
226 2829 338 2890 ,quas
361 2807 394 2869 in
417 2807 518 2869 vitam
540 2804 708 2870 hominum
732 2806 813 2870 stult
749 2807 872 2870 ttitia
896 2808 989 2891 quasi
1012 2807 1167 2892 quasdam

158 2894 259 2956 furias
286 2893 424 2956 inmittit
450 2893 586 2976 atque
576 2894 693 2958 incitat
678 2894 887 2976 t,omnibus
916 2894 1104 2959 viribust
1069 2901 1168 2980 atque

159 2980 274 3062 opibus
292 2980 618 3064 repugnandum,
559 2985 608 3044 est
641 2982 669 3045 si
687 2982 836 3046 volumus
855 2983 926 3065 hoo,
949 2982 1035 3067 quod
1054 2982 1167 3049 datum

157 3069 278 3131 estt
230 3069 278 3131 vit
280 3089 325 3150 ae,
348 3067 521 3150 tranquille
539 3032 726 3170 placideque
749 3069 926 3134 traducere
972 3069 1034 3135 sed
1058 3074 1168 3137 cetera

158 3153 252 3238 alias,
284 3176 366 3219 nunc
399 3154 503 3237 aegrit
489 3154 646 3239 tudinem,
679 3158 706 3220 si
738 3179 924 3241 possumus,
956 3158 1168 3242 depellamus.

156 3237 194 3301 Id
218 3241 303 3303 enim
326 3243 370 3304 sit
391 3243 606 3392 ptropositum
629 3244 886 3328 quandoquidem
910 3267 981 3309 eam
1004 3250 1040 3310 tu
1064 3246 1169 3312 videri

156 3325 251 3389 tibi
242 3349 277 3389 m
296 3329 473 3410 sapientem
497 3331 609 3394 cadere
628 3331 748 3414 dixisti,
773 3333 858 3416 quod
878 3354 938 3419 ago
957 3334 1049 3398 nullo
1070 3335 1169 3402 modo

156 3413 315 3496 existim03
331 3418 438 3480 taetra
453 3417 538 3481 enim
557 3440 609 3482 res
625 3423 674 3482 est
677 3420 832 3504 ,misera
847 3421 1058 3504 detestabilis,
1078 3425 1168 3488 omui

152 3465 373 3587 contentidne,
397 3504 551 3590 velis,ut
574 3506 620 3570 ita
644 3506 747 3571 dicam
753 3508 945 3592 ,remisque
968 3508 1132 3594 fugienda.

107 1021 146 1086 11
