2476 3848
501 199 740 264 —397-

116 361 145 426 si
164 364 256 426 ιιιιι
278 361 398 446 populo
416 381 520 444 neque
541 360 689 443 plausum
709 364 843 445 captans
863 383 897 426 se
920 364 1029 425 tamen
1046 361 1118 445 ipsa

116 450 261 514 delectet
297 448 381 525 Quin
405 449 501 514 etiam
519 447 602 512 mihi
624 448 752 532 quidem
774 448 989 513 laudabiliora
1010 448 1117 513 viden·

115 542 171 602 tur
189 537 309 621 omnia,
331 558 412 623 quae
431 538 501 601 sine
519 536 736 602 venditatione
755 536 832 601 et
806 558 876 601 ame
896 536 1016 620 populo
1031 539 1118 602 ..teste

116 627 211 706 fiunt,
236 646 301 691 non
323 647 386 708 quo
408 625 578 711 firgiendus
602 625 645 689 sit
666 621 789 710 (omnia
819 624 905 689 enirn
926 624 1007 688 bene
1029 622 1118 689 facta

117 715 151 777 in
173 713 243 778 luce
266 735 300 778 ιι
323 713 485 779 conlocari
507 711 647 816 volunt),
674 713 729 778 sed
751 718 861 777 tamen
882 712 1006 777 nullum
1028 712 1118 777 thea-

116 805 205 866 trum
226 801 340 866 virtuti
363 802 558 903 oopsoientia
580 801 684 866 maius
706 805 763 866 ιιι.
1129 849 1170 913 27

183 887 318 972 Atque
308 912 342 954 ιι
361 888 474 973 primis
493 889 683 954 meditemur
699 889 788 968 illud,
807 891 845 952 ιι
862 888 1018 953 haect
960 910 1003 972 pa
1003 888 1119 953 tientia
1138 926 1171 976 55

118 979 278 1060 dolorum,
308 999 404 1061 quam
430 998 524 1078 saepe
546 977 612 1041 iam
636 977 735 1042 animi
758 977 937 1042 intentione
960 975 1026 1041 dixi
1050 998 1119 1041 esse

117 1027 357 1146 firmanda'ms
348 1088 382 1129 ιι
409 1065 495 1128 omni
522 1084 637 1148 genere
665 1087 699 1129 se
726 1065 928 1150 aequabilem
958 1065 1119 1149 praebeat

118 1153 220 1236 Saepe
247 1154 332 1217 enim
358 1152 466 1235 multi,
493 1153 548 1235 qui
575 1157 630 1216 aut
657 1157 789 1237 propter
818 1154 883 1217 vict
884 1153 971 1218 oriae
1002 1152 1120 1236 cupidi·

117 1246 218 1305 tatem
241 1245 297 1304 aut
318 1242 449 1324 propter
472 1239 593 1324 gloriae
617 1240 808 1324 autetiam,
837 1244 874 1304 ιι
895 1241 945 1305 ιιι
969 1263 1062 1305 suum
1087 1245 1120 1305 ιι

118 1330 301 1394 libertatem
332 1329 492 1409 tenerent,
527 1328 658 1392 volnera
696 1331 888 1411 exceperunt
924 1327 1052 1392 fortiter
1088 1331 1121 1392 et

117 1416 276 1498 tulerunt,
312 1415 410 1480 iidem
442 1415 562 1479 omissa
593 1415 798 1480 contentione
835 1414 978 1479 dolorem
1015 1415 1121 1479 morbi

117 1504 201 1568 ferre
232 1526 299 1568 non
330 1506 479 1587 possunt3
511 1524 614 1586 neque
645 1502 732 1566 enim
764 1502 868 1584 illum,
899 1523 994 1586 quem
1027 1502 1120 1566 facile

119 1593 273 1676 tulerant,
305 1592 429 1656 ratione
462 1594 518 1654 aut
550 1589 709 1674 sapientia
740 1589 894 1671 tulerant,
927 1589 983 1654 sed
1015 1589 1120 1655 studio

118 1681 228 1764 potius
252 1683 284 1744 ιι
306 1680 418 1764 gloria.
462 1678 577 1762 Itaque
604 1677 734 1743 barbari
760 1677 891 1760 quidam
914 1682 947 1741 et
975 1678 1120 1743 inmanes

118 1769 204 1833 ferro
232 1769 393 1832 decertare
421 1788 582 1831 acerrume
612 1769 760 1850 possunt,
792 1769 959 1850 aegrotare
984 1765 1121 1829 viriliter

118 1878 184 1921 non
212 1859 341 1940 queunt
393 1854 506 1920 Graeci
532 1858 640 1919 autem
666 1853 827 1930 homines,
856 1875 922 1918 non
951 1853 1031 1917 satis
1054 1853 1120 1917 ani·

119 1945 202 2008 mosi
206 1944 413 2028 „prudentes
431 1947 469 2008 ut
487 1964 520 2007 ιι
523 1946 665 2027 tcaptus
683 1903 864 2019 hominuin,
886 1941 975 2025 satis,
992 1941 1120 2006 hostem

120 2033 262 2113 aspicere
285 2053 352 2096 non
373 2036 524 2115 possunt,
549 2031 651 2095 eidem
675 2029 804 2094 morbos
826 1992 1003 2096 ιοΙιιιιιιι
1025 2033 1121 2114 atque

118 2119 258 2182 humane
289 2118 405 2183 ferunt.
455 2119 500 2183 At
527 2117 648 2184 cimbri
676 2121 708 2182 et
740 2114 935 2182 Celtiberi
926 2140 959 2183 ιι
988 2117 1121 2201 proeliis

118 2205 279 2287 exultant,
307 2206 560 2270 lamentantur
551 2229 584 2270 ιι
611 2206 732 2270 morbo.
781 2204 873 2269 Nihil
901 2205 985 2269 enim
1013 2209 1122 2289 potest

120 2314 190 2444 {tf
205 2256 503 2445 iis-iuditii?
521 2315 587 2444 ”ii
606 2294 873 2445 ἓιθῗιιῗιιῗ
890 2294 1121 2445 stlatis·
1139 2401 1174 2450 a

121 2472 246 2551 cantur,
277 2468 313 2531 in
343 2488 381 2533 eo
412 2403 629 2553 persdqdendo
656 2471 751 2552 atque
779 2403 982 2551 adipisceiido
1011 2468 1121 2532 dolore

119 2579 185 2622 non
213 2556 332 2641 frangi,
359 2555 476 2632 debeas
506 2556 689 2620 existimare
716 2559 773 2620 aut
803 2577 869 2621 non
900 2577 970 2620 esse
999 2556 1120 2620 malum

121 2644 263 2709 dolorem
296 2648 363 2728 aut,
396 2644 537 2728 etiamsi,
568 2643 718 2727 quicquid
746 2665 894 2726 asperum
921 2643 1121 2727 alienumque

120 2737 236 2797 natura
254 2734 305 2815 sit,
323 2733 355 2796 id
374 2732 530 2817 appellari
549 2732 675 2815 placeat
689 2732 819 2814 malum,
837 2732 998 2797 tantulum
1012 2735 1122 2795 tamon

121 2841 204 2902 esse,
226 2826 263 2885 ut
286 2843 305 2884 a
327 2821 445 2886 virtute
468 2821 515 2885 ita
537 2820 704 2902 obruatur,
727 2822 763 2882 ut
781 2841 940 2903 nusquam
958 2821 1122 2904 appareat.

121 2906 209 2980 Quae
236 2908 404 2990 meditare,
431 2929 562 2991 quaeso,
588 2906 656 2971 dies
680 2912 713 2971 et
735 2910 856 2972 noctes.
900 2907 1012 2971 Latius
1035 2907 1121 2974 enim

120 2995 266 3058 manabit
287 2993 367 3059 haec
384 2959 467 3059 datio
487 2999 520 3060 et
537 2995 703 3079 aliquanto
727 2995 881 3059 maiorem
901 2995 1007 3060 locum
1024 3016 1122 3079 quam

120 3082 159 3145 de
186 3102 248 3147 uno
277 3081 387 3147 dolore
414 3082 590 3166 occupabit
642 3082 727 3147 Nam
760 3083 788 3147 ιι
814 3082 923 3147 omnia
951 3082 1062 3168 fugien

120 3169 329 3254 turpitudinis
348 3170 631 3254 adipiscendaeque
649 3170 765 3235 honest
750 3171 829 3234 tatis
843 3192 940 3235 ιιιιι
957 3171 1074 3238 faciem

119 3280 186 3323 non
212 3257 307 3323 modo
335 3258 484 3322 stimulos
512 3257 645 3341 doloris,
677 3258 733 3323 sed
765 3259 862 3322 etiam
892 3258 1028 3324 fulmina
1056 3258 1075 3325 f

119 3349 217 3411 tunae
244 3349 483 3412 contemnamus
510 3346 634 3428 licebit,
663 3346 853 3429 praesertim
877 3367 950 3411 oum
972 3367 1052 3431 para

120 3435 164 3498 sit
181 3433 262 3498 illud
280 3456 318 3498 ex
336 3434 487 3499 hesterna
504 3433 722 3518 disputatione
739 3433 931 3520 perfugium
962 3433 1009 3500 Ut

120 3521 149 3584 ιι
175 3523 226 3587 ιιι
253 3522 434 3608 naviganti,
460 3522 637 3606 praedones
664 3523 693 3588 si
719 3523 943 3609 insequantur,
965 3522 1005 3587 de
