2476 3848
560 172 800 237 -378-

166 333 194 396 si
217 353 303 397 mors
326 332 448 396 malum
472 331 528 414 sit,
556 352 626 396 esse
654 330 885 413 sempiternum
912 330 1041 394 malum.
1085 329 1178 396 Nam

164 421 250 484 vitae
284 420 420 484 miserae
452 441 539 484 mors
571 418 644 483 finis
678 440 747 482 esse
778 417 916 502 videtur3
949 440 1036 482 mors
1064 419 1093 482 si
1124 423 1179 484 est

167 509 300 592 misera,
322 508 396 573 finis
420 528 489 571 esse
510 505 620 571 nullus
642 509 760 589 potest.
796 503 858 570 Sed
882 506 955 589 quid
980 525 1040 590 ego
1060 503 1176 571 Socra-

165 601 231 662 tem
265 599 322 660 aut
351 594 595 677 Theramenem,
630 593 825 677 praestantis
857 595 943 659 viros
975 594 1106 658 virtutis
1140 600 1177 660 et

167 684 344 767 sapientiae
377 684 493 768 gloria,
525 681 764 746 commemoro?
796 704 868 747 cum
900 680 1176 747 Lacedaemonius

166 771 311 856 quidam,
339 772 428 836 cuius
455 792 495 835 ne
517 791 636 834 nomen
660 768 789 853 quidem
812 769 978 852 proditum
1001 773 1063 853 est,
1089 792 1176 835 mor·

165 863 232 923 tem
250 862 420 941 tantopere
439 857 676 941 contempserit,
695 859 739 940 ut,
763 879 835 921 curn
854 857 895 922 ad
914 880 985 923 eam
1004 857 1177 923 duceretur

166 948 335 1011 damnatus
355 946 396 1010 ab
419 945 547 1028 ephoris
567 947 599 1008 et
617 948 703 1009 esset
725 945 818 1009 voltu
839 945 938 1010 hilari
958 950 1054 1031 atque
1076 946 1176 1031 laeto,

166 1035 362 1118 dixissetque
381 1033 410 1097 ei
428 1032 558 1117 quidam
576 1033 737 1097 inimicus:
757 1031 1045 1099 ‘Contemnisne
1063 1034 1175 1118 leges

166 1119 385 1206 Lycurgit',
407 1120 621 1203 responderit:
653 1120 749 1206 ‘Ego
772 1143 862 1186 vero
885 1123 947 1186 illi
970 1123 1175 1186 maximam

168 1209 334 1296 gratiam
363 1208 500 1290 habeo,
529 1208 595 1293 qui
625 1231 680 1273 me
710 1231 752 1274 ea
782 1231 904 1292 poena
935 1210 1175 1294 multaverit,

167 1320 276 1383 quam
301 1298 381 1362 sine
404 1297 646 1362 mutuatione
668 1301 706 1361 et
728 1297 810 1362 sine
833 1318 993 1362 versura
1022 1319 1175 1381 possem

168 1384 402 1452 dissolvere?
447 1385 474 1450 0
498 1385 603 1449 virum
626 1383 743 1468 Sparta
765 1384 912 1468 dignum!
940 1390 978 1449 ut
999 1385 1079 1450 mihi
1103 1387 1175 1471 qui·

167 1475 252 1558 dem,
275 1474 330 1558 qui
348 1478 417 1537 tam
435 1494 555 1557 magno
575 1473 682 1538 animo
699 1473 811 1554 fuerit,
829 1473 981 1538 innocens
1002 1473 1174 1540 damnatus

114 1575 163 1625 101
189 1584 258 1627 esse
294 1561 447 1626 videatur.
501 1561 590 1626 Talis
626 1561 869 1626 innumerabilis
907 1565 1020 1626 nostra
1058 1562 1174 1627 civitas

167 1651 251 1714 tulit.
304 1649 366 1714 Sed
398 1649 474 1734 quid
507 1650 601 1714 duces
633 1652 666 1712 et
695 1649 857 1732 principes
888 1650 1067 1731 nominem,
1100 1672 1175 1715 cum

166 1738 310 1823 legiones
330 1738 452 1802 scribat
470 1734 551 1802 Cato
571 1757 664 1819 saepe
687 1736 803 1802 alacris
822 1737 857 1801 in
875 1759 948 1802 eum
970 1737 1078 1803 locum
1100 1761 1176 1821 pro·

166 1827 282 1906 foetas,
314 1825 397 1889 unde
429 1825 588 1888 redituras
622 1846 656 1888 se
687 1846 753 1889 non
785 1825 1040 1890 arbitrarentur?
1098 1826 1176 1891 Pari

167 1914 275 1978 animo
307 1910 553 1976 Lacedaemonii
585 1912 618 1975 in
651 1911 875 1995 Thermopylis
908 1914 1107 1996 occiderunt,
1140 1915 1176 1980 in

167 2023 248 2083 quos
272 1998 467 2063 Simonides:

232 2118 317 2203 Dic,
352 2121 505 2204 hospes,
542 2119 703 2206 Spartae
738 2145 807 2187 nos
850 2126 889 2187 te
929 2123 991 2188 hic
1027 2124 1175 2190 vidisse

906 2211 1085 2294 iacentis,

277 2295 372 2361 Dum
396 2298 541 2361 sanctis
565 2299 716 2380 patriae
739 2299 891 2383 legibus
918 2299 1174 2383 obsequimur.

169 2439 266 2519 [Quid
302 2439 357 2502 ille
395 2439 458 2502 dux
493 2436 650 2503 Leonidas
688 2438 787 2503 dicit?
843 2437 1013 2522 ‘Pergite
1046 2442 1172 2505 animo

167 2528 275 2611 forti,
306 2526 615 2607 Lacedaemonii,
646 2527 757 2592 hodie
790 2526 888 2610 apud
920 2527 1066 2593 inferos
1095 2528 1171 2591 for·

167 2620 271 2680 tasse
299 2612 537 2715 cenabimus?
582 2613 659 2679 Fuit
680 2614 760 2715 haee
783 2634 861 2699 gens
883 2614 992 2698 fortis,
1015 2616 1090 2680 dum
1110 2613 1172 2698 Ly-

168 2725 273 2856 aa
286 2702 1174 2874 ¹{5⁰{0iiiiiid‘duderqtttidtui’stitmpssiiss

169 2880 382 2945 iaculorum
400 2878 648 2942 multitudine
668 2882 705 2941 et
724 2877 957 2962 sagittarum
974 2900 1049 2944 non
1069 2876 1175 2942 vide·

169 2966 298 3050 bitis',
321 2966 379 3030 ‘In
403 2965 534 3030 umbra
556 2963 708 3051 igitnr',
737 2966 857 3050 inquit,
880 2964 1175 3050 ‘pugnabimus’

117 3067 168 3116 102
192 3054 288 3120 Viros
321 3075 550 3137 commemoro,
583 3054 689 3137 qualis
720 3053 851 3118 tandem
888 3052 1056 3119 Lacaena?
1092 3076 1175 3138 quae

169 3163 241 3206 cum
259 3142 361 3206 filium
379 3143 413 3206 in
426 3141 586 3226 proelium
601 3142 740 3206 misisset
755 3147 786 3204 et
804 3142 1008 3206 interfectum
1023 3142 1176 3225 audisset,

170 3228 363 3311 ‘Idcirco’,
389 3230 508 3314 inquit,
536 3228 772 3313 ‘genueram
800 3234 842 3294 ut
868 3236 985 3312 esset,
1012 3229 1076 3314 qui
1106 3251 1175 3313 pro

168 3318 297 3402 patria
319 3320 478 3382 mortem
500 3338 574 3381 non
598 3316 795 3383 dubitaret
817 3316 1065 3383 occumbere'.

114 3411 158 3475 43
236 3405 330 3488 Esto,
361 3404 461 3469 fortes
495 3409 527 3470 et
559 3405 630 3469 duri
663 3403 858 3489 Spartiatae,
890 3426 1042 3490 magnam
1074 3405 1177 3470 habet

92 3532 124 3634 Ι
168 3496 234 3560 vim
256 3493 303 3557 rei
325 3492 472 3576 publicae
496 3493 675 3576 disciplina.
712 3493 814 3569 Quid?
851 3490 1049 3576 Cyrenaeum
1071 3492 1175 3558 Theo·
