2476 3848
477 187 715 261 ,471-

90 340 211 404 existat
239 343 272 405 et
294 340 336 405 ad
356 362 416 405 111
440 340 574 422 adfluat,
603 361 675 405 cum
698 341 847 406 maximis
869 340 1094 425 voluptatibus

90 429 126 492 in
148 450 202 493 cas
219 427 378 512 imagines
397 431 539 493 mentem
557 428 716 492 intentam
734 428 930 514 infixamque
948 433 1094 493 nostram

89 516 350 601 intellegentiam
382 538 509 601 capere,
541 537 623 600 quaa
655 516 698 580 sit
730 519 762 580 et
794 517 891 581 beata
918 519 1035 581 natura
1063 519 1096 581 et

93 606 233 668 aeterna.
286 602 419 669 Summa
450 625 527 669 vero
558 603 608 669 ris
640 603 811 668 infinitatis
844 607 877 668 et
908 625 1028 689 magna
1060 626 1097 668 ac
1116 617 1149 666 50

93 690 243 775 diligenti
266 692 538 777 contemplatione
561 691 752 777 dignissima
774 695 836 774 est,
862 691 896 755 in
920 714 983 775 qua
1005 692 1097 755 intel-

92 780 161 863 legi
183 800 312 844 neccsse
337 782 387 844 111
404 800 477 844 eam
496 801 565 844 1111
582 783 742 864 naturam,
765 783 803 844 ut
820 779 930 844 omnia
947 779 1096 844 omnibus

93 866 226 950 paribus
256 867 348 950 paria
369 867 594 952 respondeant.
637 866 732 932 Hanc
755 868 931 952 ἰσονομίαν
955 868 1098 951 appellat

93 954 263 1038 Epicurus,
285 954 319 1018 id
342 958 392 1018 est
415 955 616 1039 aequabilem
633 956 853 1021 tributionem.
892 955 943 1019 Ex
960 954 1022 1019 hac
1040 955 1098 1040 igi-

93 1046 148 1106 tur
174 1041 255 1106 illud
283 1040 433 1126 efficitur,
465 1043 494 1107 si
519 1043 706 1109 mortalium
733 1047 827 1108 tanta
849 1043 1023 1108 multitudo
1047 1043 1098 1125 sit,

96 1151 166 1194 esse
184 1129 406 1194 inmortalium
424 1152 490 1195 non
507 1130 673 1215 minorem,
692 1134 726 1196 et
745 1133 781 1215 si,
800 1154 882 1216 quae
899 1132 1098 1214 interimant,

94 1217 344 1282 innumerabilia
367 1218 441 1301 sint,
464 1218 563 1282 etiam
581 1239 627 1301 ca,
650 1240 732 1302 quac
751 1222 950 1303 conservent,
971 1219 1100 1283 infinita

95 1327 167 1369 esse
200 1304 323 1369 debere.
375 1305 421 1369 Et
453 1327 604 1390 quaerere
635 1327 655 1369 a
685 1306 793 1389 nobis,
824 1305 940 1388 Balbe,
978 1307 1099 1389 soletis,

96 1414 177 1476 quae
205 1392 273 1457 vita
301 1392 432 1457 deorum
462 1393 519 1476 sit,
547 1414 690 1476 quaeque
714 1393 755 1457 ab
777 1393 818 1456 iis
842 1394 978 1478 degatur
1001 1397 1099 1457 11111.
1139 1410 1143 1418 ·

95 1479 145 1544 Ea
171 1480 333 1564 videlicet,
365 1503 428 1563 qua
454 1480 537 1545 nihil
560 1481 701 1563 beatius,
728 1480 1152 1545 11111111111111111151

96 1568 280 1633 affluentius
311 1569 448 1653 cogitari
480 1571 597 1653 potest.
647 1566 739 1632 Nihil
772 1568 857 1632 enim
889 1568 970 1652 agit,
1001 1568 1099 1632 nullis

98 1655 363 1740 occupationibus
401 1660 451 1720 est
481 1656 670 1740 inplicatus,
705 1657 796 1720 nulla
828 1677 927 1739 opera
958 1656 1100 1740 molitur,

98 1766 156 1808 sua
174 1744 335 1829 sapientia
354 1744 524 1808 1111111111
544 1744 671 1828 gaudet,
691 1742 791 1808 habet
810 1745 1013 1827 exploratum
1029 1743 1100 1808 fore

98 1853 131 1896 11
155 1853 282 1916 semper
304 1854 376 1896 cum
398 1832 433 1895 in
456 1831 619 1915 maximis,
641 1835 713 1896 tum
734 1831 769 1894 in
792 1831 930 1896 aeternis
953 1832 1100 1915 volupta-

96 1919 194 1984 tibus.
238 1919 333 1985 Hunc
365 1920 460 1985 deum
488 1921 551 1984 1111
580 1920 712 1986 beatum
740 1919 926 2002 dixerimus,
956 1922 1100 1985 vestrum
1111 1892 1154 2018 252

97 2029 173 2072 vero
192 2008 490 2073 laboriosissimum.
523 2005 596 2072 Sive
616 2007 702 2072 enim
715 2007 785 2092 ipse
800 2007 937 2072 mundus
952 2007 1029 2072 dous
1042 2011 1100 2092 est,

98 2095 175 2178 quid
202 2099 313 2179 potest
340 2117 410 2160 esse
438 2097 544 2161 minus
573 2095 717 2179 quietum
745 2118 842 2179 quam
866 2097 958 2161 nullo
981 2099 1101 2181 puncto

96 2182 253 2266 temporis
284 2183 470 2249 intermisso
506 2183 630 2248 versari
659 2183 778 2248 circum
808 2205 900 2248 axem
930 2185 1011 2249 caeli
1048 2184 1101 2249 ad-

98 2269 241 2333 mirabili
263 2271 450 2336 celcritate?
479 2271 543 2336 nisi
566 2271 712 2354 quietum
735 2274 844 2336 autem
865 2271 948 2335 nihil
970 2273 1102 2336 beatum

98 2360 161 2440 est3
185 2357 253 2422 sive
275 2357 310 2420 in
331 2358 403 2442 ipso
425 2359 545 2423 mundo
568 2358 646 2422 deus
668 2359 754 2424 inest
777 2358 903 2442 aliquia,
926 2359 982 2442 qui
999 2362 1102 2442 regat,

99 2445 155 2529 qui
182 2445 352 2530 gubernet,
380 2446 436 2530 qui
462 2468 573 2510 cursus
602 2450 778 2529 astrorum,
805 2446 1001 2511 mutationes
1023 2451 1103 2510 tem-

98 2555 224 2617 porum,
245 2555 354 2598 rerum
376 2533 613 2599 vicissitudines
633 2534 823 2618 ordinesque
842 2537 1017 2617 conservet,
1039 2538 1103 2598 ter·

98 2642 151 2686 ras
179 2624 212 2685 et
240 2621 344 2686 maria
371 2623 593 2707 contemplans
620 2623 788 2687 hominum
815 2620 983 2686 commoda
1005 2622 1103 2686 vitas·

99 2730 160 2792 quc
190 2712 334 2794 tueatur,
364 2732 404 2774 ne
433 2710 488 2775 ille
519 2713 568 2774 111
594 2709 769 2794 inplicatus
793 2709 939 2774 molestis
961 2709 1101 2793 negotiis

98 2800 132 2860 et
159 2798 316 2880 operosis!
362 2796 432 2862 Nos
461 2801 569 2862 autem
595 2798 726 2862 beatam
749 2798 851 2862 vitam
873 2797 1030 2861 inanimi
1053 2809 1151 2860 11-13

99 2883 236 2948 curitate
264 2888 297 2949 ct
323 2886 359 2950 in
386 2885 530 2951 omnium
556 2885 725 2950 vacatione
751 2907 921 2950 munerum
943 2884 1102 2968 ponimus.

98 2970 218 3036 Docuit
250 2973 336 3038 enim
366 2995 426 3038 111
453 2973 551 3056 idem,
585 2973 640 3057 qui
663 2977 781 3056 cetera,
809 2975 926 3037 natura
955 2972 1103 3037 effectum

99 3080 169 3123 esse
192 3060 360 3144 mundum,
389 3061 472 3126 nihil
495 3082 576 3144 opus
598 3059 698 3126 fuisse
721 3060 854 3143 fabrica,
877 3063 1009 3144 tamque
1033 3082 1104 3125 eam

98 3167 167 3211 rem
192 3169 261 3212 esse
283 3147 420 3233 facilem,
444 3171 542 3232 quam
564 3170 622 3213 vos
645 3147 731 3213 effici
752 3148 880 3233 negatis
905 3148 973 3213 sine
997 3149 1105 3214 divina

99 3256 196 3318 posse
225 3236 384 3318 sollertia,
413 3239 450 3300 ut
477 3236 723 3302 innumerabilis
750 3240 868 3301 natura
895 3237 1031 3301 mundos
1063 3237 1105 3300 ef-

100 3321 226 3387 fectura
258 3323 313 3407 sit,
346 3322 488 3407 efficiat„
512 3323 661 3388 effecerit.
714 3322 807 3398 Quod
839 3324 914 3408 quia
941 3347 1036 3407 quem
1066 3325 1107 3388 ad
1220 3372 1223 3381 .

100 3411 232 3475 modum
259 3415 377 3476 natura
405 3411 531 3491 efficere
559 3412 628 3476 sine
651 3411 761 3495 aliqua
784 3416 891 3488 mente
914 3412 1018 3496 possit
1040 3433 1107 3476 non
1219 3404 1223 3411 ’

99 3497 231 3585 videtis,
263 3503 300 3564 ut
331 3499 450 3586 tragici
482 3503 613 3585 pottae,
641 3521 713 3565 cum
737 3499 898 3586 explicare
922 3498 1107 3586 argumenti
1203 3540 1211 3547 -
