2476 3848
571 181 805 247 ..400-

187 340 294 422 culos,
326 361 407 424 quoe
439 338 584 404 celeriter
615 338 709 405 malis
741 338 884 405 moribus
919 337 1193 423 opinionibusque

188 427 354 511 depravati
373 429 418 492 sic
436 427 672 512 restinguimus,
695 430 732 492 ut
748 447 906 512 nusquam
922 429 1058 492 naturae
1079 426 1193 493 lumen

188 519 349 599 appareat
395 514 477 581 Sunt
504 515 589 580 enim
615 515 751 600 ingeniis
778 514 898 581 nostris
927 516 1048 580 semina
1075 514 1192 580 innata

188 604 352 686 virtutum,
375 625 456 688 quaa
479 603 507 668 si
528 603 709 670 adolescere
732 603 853 685 liceret,
873 602 946 686 ipsa
966 623 1027 667 nos
1051 603 1091 667 ad
1115 603 1192 668 bea·

187 695 254 756 tam
286 691 387 756 vitam
418 695 534 756 natura
564 692 758 775 perduceret.
808 689 904 756 Nunc
935 693 1055 774 autem,
1091 691 1192 756 simul

188 783 285 863 atque
308 779 386 844 editi
408 778 443 843 in
465 779 568 844 lucem
592 784 624 844 et
647 778 788 863 suscepti
805 800 923 861 sumus,
946 778 1091 843 inomni
1115 801 1192 844 con-

187 868 278 932 tinuo
304 866 466 951 pravitate
492 871 525 931 et
551 868 585 931 in
609 889 734 932 summa
761 867 950 951 opinionum
976 869 1191 950 perversitate

187 976 362 1039 versamur,
384 959 421 1019 ut
438 977 539 1038 paene
557 977 630 1021 cum
647 955 732 1021 lacte
748 954 884 1020 nutricis
903 974 1043 1020 errorem
1062 955 1191 1021 suxisse

187 1042 360 1107 videamur.
411 1041 491 1108 (lum
522 1065 598 1109 vero
630 1044 817 1128 parentibus
849 1042 979 1125 redditi,
1015 1042 1089 1107 dein
1121 1064 1189 1108 ma·

188 1131 254 1216 gist
239 1130 299 1196 tris
322 1131 433 1195 traditi
456 1153 579 1217 sumus,
604 1135 674 1196 tum
696 1132 742 1196 ita
768 1131 866 1196 variis
888 1129 1051 1195 inbuimur
1074 1132 1190 1196 errori·

188 1220 256 1298 bus,
279 1223 315 1283 ut
332 1219 467 1284 vanitati
486 1219 605 1284 veritas
629 1223 662 1284 et
679 1219 823 1304 opinioni
845 1219 1053 1284 confirmatae
1071 1223 1191 1284 natura

154 1308 272 1428 3ipsa
281 1309 380 1372 cedat.
424 1307 590 1373 Accedunt
608 1308 707 1372 etiam
724 1311 846 1392 pc’e'tee,
869 1308 922 1390 qui
945 1328 1016 1372 cum
1034 1329 1189 1392 magnam

154 1379 326 1480 ³speciem
363 1395 525 1461 doetrinae
565 1396 806 1480 sapientiaeque
846 1416 923 1479 prae
959 1396 1189 1481 retulerunt,

187 1484 375 1568 audiuntur,
403 1485 568 1571 legrmtur,
595 1484 778 1548 ediscuntur
800 1486 834 1548 et
854 1483 1079 1548 inhaerescunt
1099 1486 1188 1568 peni·

187 1575 277 1639 tus
268 1596 302 1638 ιιι
330 1572 505 1656 mentibue3
537 1594 609 1638 cum
640 1594 716 1638 vero
753 1573 862 1636 ecdem
895 1571 987 1656 quasi
1017 1593 1187 1638 maxumus

187 1664 317 1748 quidam
335 1661 491 1746 magister
507 1662 645 1745 populus
664 1661 786 1727 emersit
807 1663 904 1743 atque
923 1659 1027 1724 omnis
1045 1660 1186 1744 undique

187 1752 227 1815 ad
254 1750 334 1815 vitia
361 1750 564 1815 consentiens
592 1748 780 1831 multitudo,
806 1751 877 1812 tum
903 1747 1000 1831 plane
1027 1747 1186 1815 inficimur

187 1839 373 1923 opinionum
396 1838 555 1920 pravitate
574 1859 593 1902 a
610 1840 787 1919 naturaque
805 1836 1019 1914 desciscimus,
1037 1840 1075 1901 ut
1089 1837 1186 1908 nobie

186 1930 305 2009 optime
322 1929 458 1990 naturae
476 1925 541 1989 vim
559 1925 677 1990 vidisse
695 1924 873 2008 videantur,
896 1924 951 2008 qui
973 1885 1055 1988 nihil
1073 1925 1186 1990 melius

185 2013 323 2095 homini,
354 2013 435 2076 nihil
465 2012 571 2098 magis
602 2013 825 2096 expetendum,
854 2011 936 2076 nihil
968 2014 1186 2096 praestantius

185 2099 371 2176 honoribus,
393 2099 545 2182 imperiis,
566 2101 716 2185 populari
738 2100 843 2184 gloria
863 2099 1094 2167 iudicaverunt
1134 2101 1186 2166 Ad

186 2209 282 2272 quam
308 2187 411 2252 fertur
438 2192 588 2272 optumus
616 2190 750 2272 quisque
777 2209 949 2272 veramque
971 2189 1062 2253 illam
1089 2189 1187 2255 hone·

186 2280 305 2342 statem
323 2279 485 2361 exp'atens,
507 2299 603 2361 quam
621 2299 718 2342 unam
736 2281 855 2341 natura
873 2277 1012 2340 maxime
1035 2276 1186 2363 anquirit,

185 2366 219 2430 in
247 2387 372 2430 summa
400 2364 557 2430 inanitate
588 2369 734 2430 versatur
766 2367 1031 2449 consectaturque
1062 2365 1185 2430 nullam

184 2455 378 2520 eminentem
392 2453 531 2537 effigiem
545 2453 685 2536 virtutis,
703 2453 758 2517 sed
772 2453 996 2518 adumbratam
1011 2452 1187 2538 imaginem

185 2542 316 2629 gloriae.
360 2540 422 2606 nst
444 2541 530 2606 enim
556 2542 660 2625 gloria
687 2540 789 2606 solida
819 2541 975 2624 quaedam
1002 2561 1054 2606 res
1077 2544 1109 2605 et
1131 2562 1186 2606 er·

184 2653 305 2715 pressa,
325 2651 392 2696 non
414 2629 616 2713 adumbrata3
639 2650 677 2693 ea
700 2631 751 2692 est
772 2629 974 2694 consentiens
992 2630 1062 2695 laus
1086 2629 1186 2694 bono·

185 2741 269 2801 rum,
296 2719 483 2802 incorrupta
510 2739 571 2782 vox
602 2717 685 2782 bene
712 2716 922 2782 iudicantium
951 2717 989 2781 de
1018 2717 1186 2783 excellenti

184 2809 312 2889 virtute,
329 2828 368 2872 ea
386 2805 497 2870 virtuti
515 2808 645 2869 resonat
663 2808 830 2888 tamquam
848 2804 964 2889 imago.
1002 2804 1090 2881 Quae
1108 2811 1186 2890 quia

185 2902 271 2961 recte
297 2895 456 2959 factorum
482 2893 670 2977 plerumque
698 2914 804 2958 comes
832 2896 894 2978 est,
922 2915 987 2958 non
1015 2897 1065 2957 eet
1091 2893 1185 2958 bonis

149 2997 167 3046 4
185 2983 262 3046 viris
280 2982 484 3065 repudianda.
520 2980 583 3045 illa
600 2986 717 3064 autem,
738 3002 818 3065 quae
838 3002 872 3045 se
891 2981 959 3045 eius
977 2981 1186 3048 imitatricem

185 3091 253 3134 esse
276 3070 354 3151 volt,
375 3069 545 3134 temeraria
563 3074 659 3154 atque
680 3069 917 3135 inconsiderata
939 3074 972 3134 at
993 3070 1184 3156 plerumque

184 3160 386 3240 peccatorum
422 3158 636 3241 vitiorumque
672 3157 846 3241 laudatrix,
886 3158 974 3222 fama
1009 3157 1187 3243 popularis,

185 3245 390 3308 simulatione
407 3244 586 3309 honestatis
608 3244 746 3311 formam
765 3246 833 3311 eius
852 3244 1188 3330 pulchritudinemque

185 3333 371 3417 corrumpit.
426 3331 495 3418 Qua
525 3332 678 3398 caecitate
713 3334 876 3418 homiues,
916 3355 989 3399 cum
1030 3334 1187 3419 quaedam

186 3420 284 3485 etiam
307 3421 472 3505 praeclara
494 3424 647 3505 cuperent
668 3442 769 3505 eaque
790 3423 953 3488 nescirent
974 3443 1034 3488 nec
1055 3421 1111 3488 ubi
1129 3442 1189 3486 nec

92 3541 98 3590 ι
182 3509 295 3594 qualia
318 3512 438 3594 essent,
465 3508 609 3574 {unditus
637 3509 694 3573 alii
721 3513 905 3575 everterunt
931 3530 1007 3575 suas
1030 3510 1189 3593 civitates,

148 1274 197 1339 2·
