2476 3848
460 175 702 240 -aos—

81 336 220 403 Romam
243 339 276 402 et
303 359 376 403 curn
402 337 507 423 primo
530 336 596 402 luci
617 335 777 423 Pomponi
804 335 935 402 domum
961 336 1088 402 venisse

82 425 206 490 dicitur.
251 423 312 490 Oui
334 447 408 490 com
431 428 517 490 66661
543 425 743 509 nuntiatum,
771 425 827 509 qui
849 425 944 489 illum
967 424 1089 489 iratum

82 514 259 578 allaturum
286 513 327 578 ad
354 534 388 578 66
418 512 542 596 aliquid
569 516 683 579 contra
709 516 836 598 patrem
864 513 1088 596 arbitraretur,

83 601 221 665 surrexit
253 623 271 664 e
303 602 423 665 lectulo
457 601 656 683 remotisque
688 600 820 665 arbitris
851 599 892 665 ad
918 621 954 665 se
981 601 1089 665 adula-

83 692 226 753 scentem
248 689 343 753 iussit
365 688 482 753 venire.
514 689 560 753 At
582 689 651 773 ille,
677 692 715 753 ut
736 688 902 774 ingressus
926 692 989 772 cst,
1016 710 1088 754 con-

81 776 193 840 festim
216 776 360 862 gladium
383 776 555 841 destrinxit
580 775 764 861 iuravitque
791 797 826 840 se
852 775 947 840 illum
974 776 1088 841 statim

82 863 340 948 interfecturum,
366 864 431 929 nisi
459 865 510 929 ius
533 864 704 928 iurandum
728 863 791 928 sibi
814 864 954 929 dedisset
977 885 1012 930 66
1034 887 1089 949 pa·

82 957 167 1016 trem
189 952 324 1017 missum
347 973 417 1016 esse
439 950 611 1017 facturum.
653 951 779 1016 Iuravit
801 951 864 1017 hcc
891 956 1015 1017 terrore
1038 973 1089 1017 co·

83 1044 173 1105 actus
191 1038 402 1125 Pomponius,
425 1060 494 1104 rem
513 1039 554 1104 ad
571 1041 728 1125 populum
750 1039 876 1123 detulit,
895 1040 1013 1123 docuit,
1031 1062 1088 1105 cur

82 1128 145 1192 sibi
168 1150 266 1192 causa
293 1127 448 1192 desistere
474 1149 605 1192 necesse
633 1131 732 1212 esset,
763 1127 922 1192 Manlium
952 1128 1088 1192 missum

81 1215 167 1280 fecit.
203 1215 345 1280 Tantum
368 1215 569 1300 temporibus
592 1215 659 1280 illis
681 1215 732 1280 ius
755 1215 927 1280 iurandum
947 1217 1087 1281 valebat.

82 1303 190 1386 Atque
217 1303 271 1369 hic
293 1302 329 1368 T.
351 1302 493 1368 Manlius
519 1304 548 1367 is
576 1307 638 1386 est,
668 1303 724 1386 qui
742 1304 783 1367 ad
805 1302 964 1367 Anienem
991 1303 1089 1387 Galli,

84 1412 179 1475 quem
201 1391 242 1456 ab
264 1413 301 1456 eo
324 1394 520 1476 provocatus
540 1390 708 1473 occiderat,
730 1392 846 1473 torque
870 1391 1015 1455 detracto
1039 1413 1088 1455 co-

84 1500 224 1564 gnomen
231 1479 364 1562 invenit,
379 1479 468 1544 cuius
478 1477 575 1543 tertio
586 1479 756 1543 consulatu
765 1477 875 1542 Latini
890 1479 931 1542 ad
940 1477 1088 1542 Veserim

82 1566 147 1630 fusi
170 1570 202 1630 et
224 1566 340 1653 fugati,
362 1587 500 1651 magnus
523 1565 574 1630 vir
595 1565 630 1630 in
651 1565 765 1649 primis
789 1568 831 1649 61,
853 1565 908 1647 qui
926 1565 1088 1650 perindul-

84 1675 162 1739 gens
185 1654 220 1718 in
241 1659 378 1739 patrem,
398 1653 485 1718 idem
508 1653 621 1719 acerbe
644 1674 773 1718 severus
795 1653 830 1716 in
851 1652 964 1716 filium.

148 1739 224 1826 Sed,
255 1747 293 1807 ut
320 1741 499 1806 laudandus
522 1740 668 1826 Regulus
695 1741 730 1805 in
757 1741 977 1806 conservando
1004 1740 1074 1805 iure
1090 1719 1141 1847 ἐξ

82 1829 226 1914 iurando,
250 1830 297 1896 616
315 1829 425 1894 decem
442 1829 502 1912 illi,
526 1850 606 1912 quos
625 1833 700 1914 post
719 1827 920 1893 Cannensem
944 1849 1088 1914 pugnam

81 1918 205 1983 iuratos
229 1917 271 1982 ad
298 1920 446 1982 senatum
470 1916 560 1981 misit
581 1916 748 1981 Hannibal
771 1939 806 1981 66
828 1917 863 1982 in
885 1920 994 1982 castra
1019 1916 1088 1981 red-

83 2006 185 2070 ituros
205 2027 251 2089 ea,
265 2026 403 2088 quorum
417 2009 509 2069 erant
522 2005 621 2090 potiti
633 2004 743 2087 Poeni,
758 2004 822 2069 nisi
842 2005 880 2070 de
894 2004 1088 2069 redimendis

83 2093 220 2177 captivis
243 2093 515 2177 impetravissent,
539 2093 567 2157 61
589 2114 655 2157 non
677 2093 850 2176 redierunt,
873 2093 1088 2179 vituperandi.

83 2178 132 2243 De
154 2179 269 2263 quibus
283 2202 349 2245 non
366 2202 478 2245 omnes
496 2202 560 2246 uno
579 2181 688 2264 modo,
710 2202 787 2245 nam
800 2180 966 2266 Polybius,
984 2183 1088 2247 bonus

85 2270 197 2332 auctor
216 2267 392 2353 inprimis,
415 2290 453 2332 ex
472 2267 582 2333 decem
599 2268 821 2351 nobilissimis
842 2268 981 2351 quitum
995 2272 1089 2334 erant

84 2354 184 2438 missi,
202 2377 319 2421 novem
333 2355 505 2421 revertisse
520 2355 597 2419 dicit
610 2377 645 2419 16
660 2377 679 2419 a
693 2360 808 2420 senatu
821 2376 887 2419 non
900 2356 1088 2440 impetrata,

83 2463 183 2507 unum
202 2465 240 2507 ex
258 2442 376 2526 decem,
400 2444 456 2528 qui
472 2444 570 2527 paulo
589 2445 673 2526 post,
697 2464 794 2525 quam
814 2444 884 2506 erat
903 2463 1051 2526 egressus
1071 2465 1088 2508 e

83 2529 214 2614 castris,
246 2531 397 2614 redisset,
424 2531 518 2614 quasi
546 2528 667 2612 aliquid
690 2533 776 2594 66661
799 2529 934 2612 oblitus,
965 2529 1088 2594 Romae

82 2618 290 2701 remansisse,
322 2618 428 2682 reditu
455 2618 540 2682 enim
566 2617 601 2681 in
627 2622 736 2682 castra
757 2617 932 2681 liberatum
955 2637 990 2680 se
1018 2637 1088 2681 esse

82 2706 151 2770 iure
178 2705 314 2770 iurando
340 2705 631 2790 interpretabatur,
662 2726 728 2769 non
754 2707 854 2787 recte3
884 2702 974 2767 fraus
1003 2703 1087 2768 enim

84 2793 252 2878 astringit,
273 2814 339 2857 non
362 2793 512 2858 dissolvit
533 2793 717 2877 periurium.
761 2790 837 2856 Fuit
859 2791 963 2876 igitur
986 2792 1088 2855 stulta

84 2880 245 2945 calliditas
263 2903 413 2965 perverse
432 2880 561 2946 imitata
579 2879 793 2965 prudentiam.
817 2878 932 2962 Itaque
946 2878 1088 2944 decrevit

84 2970 229 3052 66116116,
255 2972 292 3032 ut
314 2970 371 3033 ille
394 2972 558 3034 veterator
581 2973 614 3032 61
636 2967 772 3033 callidus
794 2967 922 3032 vinctus
942 2968 982 3032 ad
1000 2964 1087 3032 Han·

82 3054 225 3119 nibalem
248 3057 424 3121 duceretur.
456 3053 519 3120 Sed
541 3056 623 3120 illud
646 3077 844 3120 maxumum:
868 3054 949 3121 Octo
972 3055 1073 3122 homi·
1090 3073 1140 3121 114

81 3165 161 3208 num
184 3143 275 3208 milia
297 3145 430 3219 tenebat
452 3143 626 3227 Hannibal,
648 3165 714 3208 non
737 3165 818 3227 quos
840 3143 876 3208 in
899 3145 966 3210 6616
989 3145 1087 3230 cepis·

82 3234 146 3314 set,
173 3235 230 3296 aut
254 3232 309 3314 qui
330 3231 474 3316 periculo
497 3231 612 3296 mortis
641 3231 858 3317 diffugissent,
885 3233 941 3297 sed
964 3233 1018 3318 qui
1041 3255 1088 3298 re-

81 3319 153 3383 licti
175 3319 211 3383 in
233 3320 349 3385 castris
371 3319 511 3384 fuissent
533 3342 552 3384 a
573 3318 676 3384 Paulo
704 3321 737 3384 et
764 3342 784 3385 a
805 3318 953 3387 Varrone
976 3342 1088 3387 consu·
1105 3302 1168 3634 Λ

82 3406 178 3472 libus.
222 3405 290 3472 Eos
318 3410 449 3472 senatus
471 3428 538 3472 non
564 3407 688 3474 censuit
710 3407 926 3493 redimendos,
956 3431 1028 3474 cum
1054 3408 1089 3474 id

82 3516 185 3579 parva
205 3495 343 3580 pecunia
364 3495 434 3560 fieri
456 3498 580 3582 posset,
602 3499 639 3563 ut
662 3498 748 3562 66661
769 3495 905 3574 insitum
927 3496 1089 3583 militibus
1110 3536 1114 3543 ·
