2476 3848
526 171 765 236 -372-

144 338 258 422 igitur,
291 337 319 401 si
350 341 420 400 tum
448 341 533 401 esset
564 337 736 418 extinctus,
765 335 906 400 abonis
932 334 1027 399 rebus
1055 357 1098 399 an
1128 359 1148 399 a

144 425 239 488 malis
261 424 482 489 discessisset?
527 422 621 490 Certe
644 446 663 487 a
686 423 820 487 miseris.
864 422 940 488 Non
965 423 1050 486 enim
1074 444 1148 487 cum

145 534 255 579 socero
287 513 408 577 bellum
436 513 604 598 gessisset,
630 533 696 576 non
726 512 894 594 inparatus
923 533 1013 574 arma
1040 533 1148 595 sump-

146 601 255 683 sisset,
276 622 342 665 non
366 601 496 666 domum
518 600 713 684 reliquisset,
738 621 804 664 non
827 619 865 662 ex
886 598 985 662 Italia
1002 599 1148 683 fugisset,

144 710 210 753 non
241 689 381 753 exercitu
413 689 532 752 amisso
562 687 666 752 nudus
698 688 733 751 in
764 708 928 752 servorum
961 686 1083 752 ferrum
1116 693 1149 752 et

144 798 258 842 manus
286 777 452 841 incidisset
480 778 506 857 [,
532 798 598 840 non
623 775 718 839 liberi
750 774 871 856 defleti,
902 796 967 838 non
998 774 1148 840 fortunae

146 886 256 930 omncs
284 887 303 928 a
331 865 506 928 victoribus
534 863 795 946 possiderentur}
846 862 923 945 Qui,
950 863 979 927 si
1010 868 1149 928 mortem

144 956 214 1016 tum
245 952 379 1033 obisset,
411 953 445 1016 in
477 951 686 1034 amplissimis
722 950 861 1015 fortunis
901 951 1083 1029 occidisset,
1120 953 1149 1017 is

144 1041 378 1124 propagatione
405 1039 491 1103 vitae
519 1043 610 1123 quot,
641 1042 792 1122 quantas,
823 1061 920 1124 quam
952 1039 1148 1104 incredibilis

94 1127 135 1192 36
145 1127 254 1191 hausit
276 1127 487 1192 calamitates!
532 1127 621 1192 Haec
649 1130 752 1191 morte
780 1126 990 1212 effugiuntur,
1019 1128 1148 1193 etiamsi

144 1235 210 1280 non
233 1218 418 1298 evenerunt,
441 1219 563 1298 tamen,
585 1215 661 1300 quia
683 1219 820 1298 possunt
842 1215 983 1298 evenire,
1013 1215 1068 1279 sed
1091 1216 1150 1280 ho-

144 1303 247 1368 mines
274 1324 313 1367 ea
340 1303 404 1368 sibi
431 1304 573 1368 accidere
599 1323 693 1386 posse
720 1324 786 1367 non
818 1303 971 1386 cogitant.
1026 1303 1149 1368 Metelli

145 1396 254 1474 sperat
272 1391 334 1455 sibi
353 1392 487 1475 quisque
505 1391 680 1472 fortunam,
702 1389 835 1472 proinde
854 1391 946 1474 quasi
965 1396 1022 1456 aut
1039 1392 1149 1475 plures

143 1479 301 1545 fortunati
329 1480 394 1544 siut
421 1501 517 1564 quum
544 1478 687 1543 infelices
716 1480 785 1541 aut
799 1478 880 1542 certi
906 1478 1078 1563 quicquam
1106 1481 1150 1545 sit

144 1567 180 1633 in
208 1568 304 1632 rebus
333 1567 481 1632 humanis
512 1571 567 1631 aut
598 1587 726 1650 sperare
757 1566 800 1630 sit
828 1565 1020 1649 prudentius
1051 1590 1149 1652 quam

144 1656 268 1720 timere.

20 1771 24 1783 ·
93 1756 125 1804 Βῑ
212 1742 272 1807 Sed
301 1743 363 1807 hoc
389 1743 495 1825 ipsum
522 1742 726 1820 concedatur,
755 1742 849 1805 bonis
876 1743 972 1807 rebus
1001 1743 1147 1807 homines

145 1835 248 1896 morte
271 1831 404 1914 privari,
434 1851 510 1914 ergo
534 1831 631 1893 etiam
655 1851 762 1895 carere
785 1832 930 1894 mortuos
952 1831 1038 1894 ritae
1061 1851 1146 1893 ccm-

145 1919 263 1993 modis‚
284 1918 379 2001 idque
402 1939 472 1982 esse
495 1917 669 1982 miserum?
705 1916 799 1982 Certe
822 1917 869 1980 ita
887 1917 994 1981 dicant
1016 1937 1145 1980 necesse

146 2010 204 2069 est.
239 2005 292 2068 An
309 2009 418 2088 potest
436 2006 477 2088 is,
498 2006 552 2088 qui
570 2027 635 2070 non
655 2009 717 2087 est,
735 2027 770 2069 re
788 2005 855 2070 ulla
873 2003 1002 2070 carere?
1039 2001 1144 2067 Triste

146 2093 231 2156 enim
259 2096 308 2157 est
334 2114 452 2157 nomen
480 2094 586 2176 ipsum
614 2092 754 2175 carendi,
781 2093 856 2177 quia
885 2092 1040 2158 subicitur
1065 2091 1146 2156 haec

145 2181 209 2243 vis:
236 2179 363 2262 habuit,
390 2201 456 2244 non
486 2181 599 2261 habet,
632 2180 804 2264 desiderat,
836 2181 984 2264 requirit,
1015 2180 1148 2265 indiget.

145 2266 247 2350 Haec,
270 2268 397 2350 opinor,
420 2269 622 2334 incommoda
640 2273 715 2333 sunt
732 2269 881 2333 carentis.
917 2268 1015 2334 Caret
1037 2269 1150 2352 oculis,

146 2355 258 2421 odiosa
284 2356 434 2441 caecitas,
462 2357 585 2439 liberis,
613 2357 743 2422 orbitas.
792 2355 890 2421 Valet
916 2356 979 2421 hoc
1001 2356 1036 2421 in
1059 2358 1149 2440 vivis,

145 2447 344 2509 mortuorum
368 2448 475 2508 autem
497 2467 564 2510 non
586 2445 681 2509 modo
705 2445 791 2509 vitae
814 2444 1006 2528 commodis,
1031 2444 1086 2509 sed
1108 2467 1150 2509 ne

146 2533 214 2597 vita
237 2533 364 2617 quidem
386 2533 458 2615 ipsa
476 2533 645 2617 quisquam
664 2536 761 2597 caret.
796 2532 846 2596 De
868 2532 1002 2596 mortuis
1025 2532 1151 2617 loquor,

147 2621 203 2704 qui
233 2620 315 2684 nulli
347 2629 436 2703 sunl3
468 2642 542 2703 nos,
575 2621 629 2703 qui
656 2643 779 2701 sumus,
811 2642 889 2684 num
916 2625 973 2684 aut
1000 2621 1151 2685 cornibus

147 2730 292 2773 curemus
316 2712 372 2772 aut
393 2708 522 2792 pinnis?
551 2709 658 2792 ecquis
686 2709 718 2772 id
742 2707 880 2772 dixerit?
929 2706 1022 2773 Certe
1045 2729 1150 2773 nemo.

148 2795 231 2872 Quid
255 2795 323 2860 ita?
373 2795 467 2878 Quia,
494 2817 566 2860 cum
593 2796 626 2860 id
648 2818 714 2862 uon
736 2796 871 2878 habeaS,
898 2795 983 2879 quod
1007 2795 1069 2861 tibi
1090 2818 1152 2861 nec

147 2907 207 2948 usu
226 2906 285 2948 neo
302 2888 420 2948 natura
437 2885 480 2948 sit
498 2888 623 2967 aptum,
644 2906 709 2949 non
729 2905 852 2965 careas,
876 2883 1004 2947 etiamsi
1028 2884 1151 2948 sentias

95 2987 130 3033 88
148 2977 180 3035 te
207 2994 271 3038 non
299 2972 427 3036 habere.
476 2971 547 3036 Hoc
572 2972 779 3055 premendum
809 2971 909 3035 etiam
934 2976 1030 3054 atque
1051 2971 1152 3036 etiam

148 3064 197 3122 est
221 3065 447 3143 argumentum
470 3060 661 3125 confirmato
683 3060 754 3143 illo,
776 3059 815 3123 de
837 3080 914 3143 quo,
945 3059 973 3123 si
997 3059 1152 3123 mortales

148 3147 246 3210 animi
270 3153 358 3230 sunt,
386 3147 532 3212 dubitare
559 3170 625 3213 nou
652 3169 835 3231 possumus,
862 3147 941 3232 quin
969 3149 1080 3211 tantus
1102 3147 1152 3210 in-

148 3235 263 3297 teritus
291 3236 325 3298 in
352 3239 455 3301 morte
483 3237 540 3319 sit,
565 3241 602 3300 ut
628 3257 668 3300 nc
696 3235 830 3300 minima
855 3236 984 3319 quidem
1011 3234 1152 3317 suspicio

149 3343 260 3386 sensus
283 3323 493 3408 relinquatur,
521 3325 583 3389 hoc
609 3325 711 3408 igitur
738 3323 839 3408 probe
863 3323 1008 3387 stabilito
1031 3324 1065 3385 et
1086 3322 1153 3386 fixo

148 3411 227 3475 illud
250 3410 472 3475 excutiendum
496 3415 560 3494 est,
582 3417 619 3476 ut
642 3414 774 3494 sciatur,
802 3411 878 3495 quid
901 3409 945 3474 sit
967 3430 1089 3492 carere,
1111 3432 1154 3474 ne

65 3524 109 3634 Ι
143 3500 347 3583 relinquatur
375 3499 497 3583 aliquid
524 3501 640 3565 erroris
668 3501 702 3564 in
729 3500 837 3563 verbo.
889 3494 1029 3562 Carere
1050 3497 1155 3582 igitur
