2436 3840
517 164 757 230 -476-

135 324 264 388 aionem
287 324 430 408 anquirit
453 324 579 388 animus
603 327 636 388 et
657 323 796 388 formam
820 326 853 387 et
870 323 961 388 vitae
981 325 1147 390 actionem

86 464 125 528 18
136 412 317 495 mentisque
341 412 554 494 agitationem
576 412 611 476 in
634 412 701 476 deo.

83 544 117 591 45
202 499 250 564 Ac
273 499 439 564 deforma
463 499 591 582 quidem
613 499 734 583 partim
756 503 873 564 natura
894 520 956 563 nos
982 499 1148 584 admonet,

135 589 256 672 partim
284 587 368 652 ratio
397 588 498 652 docet.
542 586 629 652 Nam
656 609 676 651 a
702 591 819 652 natura
845 587 1007 652 habemus
1034 610 1147 653 omnes

136 676 280 740 omnium
303 676 450 760 gentium
468 676 606 759 speciem
624 676 747 740 nullam
766 676 865 740 aliam
883 675 949 738 nisi
964 675 1146 742 humanam

136 764 281 846 deorum3
311 785 393 847 quae
421 763 506 828 enim
528 763 634 828 forma
657 764 721 827 alia
744 763 881 828 occurrit
903 785 1067 846 umquam
1092 768 1146 829 aut

135 851 287 936 vigilanti
314 851 463 935 cuiquam
491 855 548 916 aut
575 850 768 916 dormienti?
814 848 875 914 Sed
896 872 937 915 ne
962 853 1080 917 omnia
1101 874 1145 916 re·

134 942 289 1004 vocentur
320 939 361 1002 ad
392 939 514 1023 primas
544 940 709 1004 notiones:
743 938 827 1003 ratio
856 938 918 1003 hoc
949 939 1042 1004 idem
1075 940 1145 1024 ipsa

81 1045 115 1093 47
136 1027 287 1092 declarat.
332 1025 419 1091 Nam
446 1049 518 1091 cum
546 1027 871 1111 praestantissumam
893 1029 1067 1112 naturam,
1094 1028 1144 1092 vel

135 1115 210 1199 quia
228 1114 325 1179 beata
343 1117 393 1178 est
410 1115 462 1178 vel
481 1115 556 1197 quia
575 1115 779 1198 sempiterna,
802 1114 973 1186 convenire
992 1115 1143 1180 videatur

135 1202 269 1267 eandem
292 1223 362 1266 esse
385 1203 650 1286 pulcherrimam,
673 1224 755 1286 quae
778 1202 958 1285 conpositio
982 1205 1144 1268 membro

133 1314 214 1374 rum,
247 1312 329 1374 quae
361 1290 575 1355 conformatio
602 1290 878 1372 liniamentorum,
910 1311 994 1372 quac
1026 1291 1143 1377 figura,

134 1400 215 1462 quae
253 1378 374 1462 species
410 1379 553 1443 humana
588 1381 698 1462 potest
729 1399 799 1442 esse
830 1377 1019 1461 pulchrior?
1075 1379 1142 1444 Vos

17 1539 20 1543 ¹
134 1467 276 1550 quidem,
304 1465 421 1549 Lucili,
451 1466 563 1530 soletis
591 1464 681 1550 (nam
704 1463 803 1531 Cotta
830 1486 919 1529 meus
948 1466 1049 1532 modo
1073 1467 1142 1549 hoc,

134 1556 229 1620 modo
243 1553 347 1639 illud),
366 1577 439 1620 cunr
457 1554 629 1618 artificium
648 1553 803 1638 effingitis
821 1553 1046 1636 fabricamque
1066 1555 1141 1619 divi·

132 1665 222 1727 nam,
251 1666 348 1726 quam
376 1642 442 1706 sint
470 1642 578 1706 omnia
604 1641 639 1706 in
661 1641 802 1706 hominis
824 1641 930 1726 figura
952 1663 1022 1706 non
1045 1643 1142 1707 modo

134 1732 174 1796 ad
203 1753 311 1814 usum,
339 1753 453 1796 verum
480 1730 579 1794 etiam
607 1729 647 1793 ad
673 1733 878 1794 venustatem
901 1732 995 1813 apta,
1025 1730 1140 1795 descri-

80 1833 114 1882 48
133 1820 217 1884 bere.
277 1819 397 1894 Quodsi
435 1818 577 1883 omnium
614 1816 827 1882 animantium
862 1816 1005 1882 formam
1039 1818 1140 1883 vincit

133 1907 273 1971 hominis
303 1907 422 1990 figura,
455 1905 532 1969 deus
561 1907 669 1970 autem
696 1905 843 1969 animans
871 1908 935 1988 est,
967 1927 1008 1970 ea
1033 1907 1139 1991 figura

133 1995 279 2079 profecto
303 1997 362 2076 est,
386 2013 467 2075 quae
490 1993 708 2075 pulcherrima
731 1993 775 2056 sit
793 1992 949 2075 omnium3
972 1994 1139 2076 quoniam·

134 2104 195 2164 que
218 2081 294 2144 deos
317 2080 523 2144 beatissimos
547 2101 617 2144 csse
640 2084 777 2164 constat,
799 2081 914 2144 beatus
938 2085 1048 2145 autern
1071 2102 1139 2147 esse

134 2168 203 2231 sine
226 2168 348 2232 virtute
370 2189 465 2231 nemo
488 2171 599 2251 potest
621 2190 679 2233 nec
701 2169 806 2233 virtus
829 2168 898 2232 sine
920 2168 1049 2233 ratione
1069 2191 1139 2234 eon-

134 2259 220 2319 stare
242 2277 302 2320 nec
323 2255 408 2319 ratio
431 2277 568 2339 usquam
589 2257 695 2321 inesse
717 2256 781 2320 nisi
802 2256 838 2321 in
858 2256 1001 2321 hominis
1024 2258 1138 2343 figura,

80 2357 113 2406 49
132 2341 274 2408 hominis
297 2365 368 2409 esse
392 2344 496 2428 specie
515 2343 591 2408 deos
611 2344 827 2409 confitendum
846 2347 905 2409 est.
940 2342 1010 2410 Nec
1028 2349 1138 2410 tamen

133 2454 171 2496 ea
199 2432 321 2515 speeies
348 2453 464 2516 corpus
493 2436 555 2515 est,
588 2432 644 2497 sed
671 2432 764 2514 quasi
791 2453 920 2515 corpus,
950 2453 1011 2498 nec
1038 2433 1138 2498 habet

81 2521 122 2586 19
133 2520 336 2605 sanguinem,
367 2520 424 2584 sed
453 2519 546 2603 quasi
574 2519 771 2604 sanguinem.
819 2519 910 2584 Haec
939 2542 1137 2604 quamquam

133 2612 166 2672 et
187 2608 320 2672 inventa
344 2611 419 2672 sunt
442 2607 567 2672 acutius
591 2611 624 2672 et
646 2607 732 2672 dicta
755 2607 907 2672 subtilius
926 2608 967 2672 ab
986 2608 1137 2693 Epicuro,

133 2718 230 2779 quam
253 2700 290 2760 ut
313 2695 419 2779 quivis
443 2717 480 2759 ea
502 2695 608 2778 possit
631 2716 814 2780 agnoscere,
837 2698 947 2761 tamen
968 2695 1073 2762 frctus
1091 2696 1137 2761 in·

131 2784 320 2869 tellegentia
348 2786 457 2848 vestra
484 2782 606 2847 dissero
634 2783 777 2867 brevius,
810 2804 908 2866 quam
935 2805 1035 2850 eausa
1058 2784 1138 2850 desi·

131 2872 232 2936 derat.
276 2871 436 2956 Epicurus
465 2874 585 2952 autem,
613 2871 669 2954 qui
695 2891 746 2935 res
774 2872 918 2936 occultas
946 2875 979 2936 et
1005 2872 1136 2956 penitus

132 2958 260 3023 abditas
277 2981 345 3024 non
362 2959 457 3023 modo
476 2958 594 3022 viderit
613 2958 730 3041 animo,
751 2959 924 3024 sedetiam
943 2959 990 3024 sie
1007 2963 1138 3043 tractet,

130 3048 169 3107 ut
190 3067 298 3129 manu,
321 3047 414 3112 docet
438 3068 510 3111 eam
532 3068 602 3110 esse
624 3046 692 3110 vim
715 3050 747 3110 et
764 3050 916 3111 naturam
934 3047 1079 3132 deorum,
1101 3052 1138 3112 ut

130 3131 271 3215 primunr
292 3155 359 3199 non
382 3155 485 3216 sensu,
509 3134 565 3199 scd
586 3138 694 3199 mente
718 3139 867 3200 cernatur
888 3157 948 3201 nec
971 3136 1140 3202 soliditate

131 3219 270 3302 quadam
301 3242 360 3285 nec
388 3223 428 3287 ad
454 3244 637 3305 numerum,
668 3226 706 3288 ut
734 3245 784 3305 ca,
814 3245 896 3307 quae
922 3223 980 3290 ille
1003 3229 1140 3310 propter

129 3307 320 3372 firmitatem
343 3308 516 3392 στερέμνια
540 3311 698 3395 appellat3
726 3311 782 3375 scd
804 3311 1002 3396 imaginibus
1026 3313 1139 3378 simili·

128 3395 240 3461 tudine
273 3399 306 3461 ct
337 3397 530 3463 transitione
557 3398 719 3484 perceptis
747 3420 820 3464 eum
846 3399 976 3465 infinita
1003 3401 1141 3466 simillu-

128 3506 256 3550 marum
278 3484 458 3572 imaginum
479 3487 578 3551 series
598 3509 636 3552 ex
654 3487 944 3553 innumerabilibus
961 3488 1142 3557 individuis
