2476 3848
535 194 576 205 -
623 158 773 224 380—

98 307 142 370 44
219 319 281 386 Sed
304 321 400 404 plena
423 342 568 386 errorum
591 324 666 384 sunt
688 320 805 384 omnia
845 318 959 383 Trahit
980 317 1064 382 Hect
1050 322 1155 382 torem

101 386 192 472 ¹⁶⁰ad
210 430 338 473 currum
355 409 528 493 religatum
546 407 703 490 Achilles3
725 408 861 471 lacerari
884 428 956 470 eum
975 411 1008 470 et
1026 406 1158 490 sentire,

151 495 259 580 credo,
290 501 392 580 putat
445 496 535 580 Ergo
566 495 619 560 hic
650 495 899 578 ulciscitur,ut
930 493 1058 577 quidem
1092 495 1154 559 sibi

150 585 290 668 videtur,
313 587 347 648 at
369 584 428 649 illa
451 585 535 648 sicut
558 583 799 648 acerbissimam
821 604 888 646 rem
911 587 1044 646 maeret:

216 707 318 787 Vidi,
342 706 471 770 videre
494 705 593 790 quod
613 728 668 770 me
690 728 805 790 passa
827 709 1060 789 aegerrume,

216 795 420 859 Hect6rem
443 817 553 858 curru
577 794 809 878 quadriiugo
833 794 1037 877 raptarier.

150 935 251 1010 Quem
287 933 474 1018 Hectorem,
510 936 566 999 aut
603 955 700 1016 quam
736 933 791 998 diu
826 934 882 998 ille
919 935 981 998 erit
1011 933 1158 998 Hector?

149 1023 266 1086 Melius
289 1023 406 1086 Accius
431 1026 464 1085 et
486 1021 657 1105 aliquando
684 1022 812 1104 sapiens
834 1022 993 1086 Achilles:

216 1129 334 1209 immo
378 1146 572 1208 enimvero
615 1146 750 1226 corpus
792 1144 944 1209 Priamo
989 1146 1157 1229 reddidi,

679 1231 883 1297 Hectorem
910 1234 1067 1298 abstuli.

148 1373 224 1440 Non
248 1375 348 1457 igitur
371 1373 513 1439 Hectora
539 1370 679 1453 traxisti,
708 1374 763 1437 sed
787 1395 917 1457 corpus,
941 1374 1025 1458 quod
1048 1374 1155 1438 fuerat

98 1477 148 1526 106
171 1461 329 1526 Hectoris.
378 1461 462 1527 Ecce
490 1462 571 1526 alius
599 1460 740 1526 exoritur
768 1483 785 1525 e
812 1465 914 1544 terra,
939 1463 994 1546 qui
1017 1466 1155 1526 matrem

149 1550 288 1614 dormire
311 1570 377 1614 non
400 1551 500 1614 sinat:

215 1672 348 1755 Mater,
379 1676 416 1735 te
451 1672 621 1755 appello,
651 1676 706 1753 tu,
738 1694 832 1754 quae
865 1696 990 1737 curam
1022 1674 1154 1736 somno

696 1762 920 1844 suspensam
941 1761 1062 1840 levas,

214 1848 343 1932 Neque
391 1849 428 1910 te
469 1848 540 1910 mei
581 1849 750 1931 miseret,
798 1851 908 1932 surge
949 1851 987 1910 et
1030 1846 1153 1929 sepeli

857 1938 989 1999 natum
1013 1971 1063 1999 -.

148 2076 238 2140 Haec
256 2098 328 2140 cum
347 2075 466 2158 pressis
484 2078 517 2138 et
533 2075 694 2140 flebilibus
712 2076 825 2157 modis,
842 2076 897 2158 qui
914 2076 995 2141 totis
1015 2075 1155 2141 theatris

148 2162 346 2228 maestitiam
365 2162 518 2240 inferant,
541 2163 764 2246 concinuntur,
788 2163 916 2228 difficile
937 2168 1070 2229 estnon
1090 2186 1156 2249 eos,

149 2253 204 2336 qui
226 2251 385 2315 inhumati
409 2250 488 2334 sint,
512 2251 646 2316 miseros
669 2251 819 2316 iudicare.

734 2373 845 2438 Prius
870 2378 981 2459 quam
1004 2376 1110 2441 ferae

215 2463 481 2546 Volucresque
505 2499 556 2527 ——.

149 2603 279 2687 Metuit,
308 2625 349 2668 ne
375 2604 524 2667 laceratis
553 2603 705 2667 membris
728 2604 834 2668 minus
858 2603 939 2668 bene
963 2607 1084 2686 utatur,
1112 2626 1157 2669 ne

153 2693 344 2773 combustis,
371 2713 436 2756 non
458 2691 645 2755 extimescit.

215 2815 294 2879 Neu
331 2815 536 2898 relliquias
576 2814 760 2878 semiesas
799 2813 912 2877 sireis
949 2813 1156 2879 denudatis

911 2901 1065 2966 ossibus
1141 2929 1144 2934 ·

214 2990 285 3053 Per
303 2992 444 3053 te'rram
463 2990 569 3053 sanie
588 2988 779 3054 de‘libutas
799 2989 911 3054 foede
928 2990 1155 3055 divexarier.

100 3141 147 3189 107
171 3127 246 3192 Non
273 3130 440 3215 intellego,
467 3131 544 3213 quid
571 3134 707 3213 metuat,
734 3152 807 3196 cunr
833 3135 902 3197 tam
924 3131 1027 3196 bonos
1050 3136 1154 3214 septe·

17 3230 20 3249 ¹
149 3217 257 3281 narios
284 3217 399 3281 fundat
427 3219 479 3282 ad*
495 3218 619 3282 tibiam.
664 3218 848 3284 Tenendum
871 3223 921 3283 est
950 3219 1051 3303 igitur
1071 3218 1157 3283 nihil

150 3305 325 3368 curandum
344 3326 414 3369 esse
432 3310 672 3390 postmortem,
691 3329 763 3372 cum
779 3308 874 3372 multi
892 3307 1041 3372 inimicos
1057 3307 1157 3371 etiam

149 3397 294 3456 mortuos
316 3393 520 3477 poeniuntur.
569 3393 764 3460 Exsecratur
791 3395 964 3460 luculentis
988 3416 1064 3458 sane
1088 3417 1157 3459 ver-

141 3482 237 3545 sibus
269 3479 355 3564 apud
387 3480 529 3544 Ennium
557 3482 725 3565 l'h5estes,
755 3484 895 3565 primum
921 3485 957 3546 ut
984 3481 1160 3564 naufragio
