2476 3848
264 175 503 240 -563-

66 339 241 402 ercontatus
264 339 326 420 est,
349 334 524 417 multisque
547 334 654 399 verbis
676 334 764 398 ultro
787 332 882 398 citro-

66 425 87 488 is
109 425 167 488 ille
188 424 283 489 nobis
306 426 515 508 consumptus
538 426 589 486 est
612 422 687 486 dies.

66 515 161 576 eutem
189 515 350 598 apparatu
376 511 466 598 regio
494 510 618 596 accepti
646 529 825 574 sermonem
847 486 935 612 inllsg

66 603 171 665 octem
193 600 416 685 produximus,
439 620 512 665 cum
534 619 631 664 senex
651 597 735 662 nihil
757 595 821 660 nisi
844 595 882 659 de

66 688 250 771 loqueretur
278 688 448 771 omniaque
476 687 543 752 eius
570 707 637 751 non
657 685 745 750 facta
768 684 882 766 solum,

83 775 169 840 dicta
192 775 400 840 meminisset.
439 774 571 858 Deinde,
593 778 631 838 ut
653 773 798 839 cubitum
821 771 883 836 dis·

83 860 884 948 mmmmmmammmm

68 951 230 1036 gilassem,
253 950 354 1014 artior
378 973 475 1034 quam
498 951 625 1015 solebat
647 970 778 1014 somnus
801 969 884 1013 com-

66 1043 85 1102 t.
126 1037 296 1102 Hicmihi
324 1036 432 1124 (credo
460 1039 608 1122 equidem
634 1059 673 1102 ex
694 1038 770 1121 hoe,
800 1035 884 1119 quod

66 1126 144 1209 cuti;
160 1126 205 1199 fic
223 1125 309 1190 enim
325 1125 402 1210 fere,
420 1130 458 1190 ut
475 1125 690 1212 cogitationes
709 1145 885 1190 sermones·

66 1214 79 1278 i
107 1209 238 1300 pariant
265 1213 388 1297 aliquid
413 1213 448 1277 in
475 1235 588 1278 somno
616 1215 697 1298 tale,
724 1213 819 1296 quale
846 1211 885 1276 de

66 1302 167 1367 rcribit
192 1301 331 1385 Ennius,
362 1301 400 1364 de
429 1322 491 1385 quo
518 1301 670 1366 videlicet
697 1299 885 1386 saepissime

66 1389 173 1455 olebat
195 1389 339 1490 cogitare
356 1392 395 1490 ,et
412 1388 517 1490 loqui)
535 1387 708 1490 ilfricanus
727 1409 762 1452 se
780 1390 886 1452 osten-

66 1476 707 1651 llllalulieiieielgilij‘llllill
723 1495 886 1646 tlltl}

66 1652 142 1736 ides,
159 1653 275 1736 inquit,
293 1653 401 1717 animo
415 1657 449 1718 et
463 1652 576 1717 omitte
590 1652 751 1736 timorem,
768 1647 885 1735 Scipio,

66 1740 167 1823 licam,
189 1740 282 1805 trade
304 1741 487 1805 memoriae.
853 1787 927 1851 „2

66 1850 89 1893 re
103 1828 195 1892 illam
208 1828 330 1912 urbem,
345 1850 426 1911 quae
439 1850 553 1915 parere
566 1827 687 1913 populo
702 1827 849 1892 Romano
887 1789 938 1913 tl)

65 1938 82 1980 r
104 1938 155 1980 me
177 1919 312 1981 renovat
333 1915 473 1999 pristina
495 1916 584 1981 bella
605 1937 664 1981 nec
686 1917 795 2000 potest
819 1913 886 1998 qui-

66 2004 243 2068 ›stendebat
265 2007 373 2068 autem
390 2003 627 2090 Karthaginem
651 2003 689 2068 de
710 2003 834 2069 excelso
853 2005 887 2067 et

66 2093 185 2156 llarum
216 2091 338 2156 illustri
370 2094 403 2155 et
434 2091 522 2156 claro
556 2092 696 2176 quodam
727 2087 813 2176 loco)
846 2089 887 2156 ad

66 2180 316 2264 oppugnandam
332 2200 417 2244 nunc
434 2180 525 2244 venis
543 2202 645 2265 paene
663 2180 765 2245 miles.
794 2177 887 2244 Hanc

65 2266 97 2330 io
121 2267 232 2330 consul
255 2269 393 2350 evertes,
421 2267 546 2351 eritque
569 2270 748 2354 cognomen
770 2267 803 2331 id
825 2267 888 2331 tibi

66 2356 174 2436 crtum,
201 2353 289 2436 quod
315 2354 416 2419 habes
444 2355 549 2420 adhuc
571 2377 591 2419 a
612 2354 707 2419 nobis
730 2354 888 2419 heredita·

66 2463 96 2505 m
116 2445 225 2505 autem
242 2440 479 2527 Karthaginem
498 2442 663 2526 deleveris,
685 2442 888 2526 triumphum

66 2550 192 2612 rsorque
218 2528 319 2594 fueris
342 2534 375 2595 et
397 2530 516 2595 obieris
539 2531 668 2616 legatus
691 2530 887 2616 Aegyptum,

66 2617 171 2701 lsiam,
194 2615 372 2702 Graeciam,
394 2619 535 2704 deligere
557 2618 675 2683 iterum
698 2618 810 2683 consul
833 2618 888 2683 ab·

66 2727 174 2789 imque
203 2705 379 2771 maximum
406 2705 568 2790 conficies,
598 2704 810 2772 Numantiam
836 2726 888 2770 ex·

66 2793 108 2857 ted
134 2815 207 2857 curn
234 2793 297 2858 eris
324 2816 420 2858 curru
445 2793 481 2857 in
508 2791 705 2879 Capitolium
732 2793 888 2879 invectus,

66 2903 106 2944 em
114 2881 280 2964 publicam
289 2882 432 2946 consiliis
442 2883 668 2968 perturbatam
675 2881 804 2967 nepotis
814 2882 886 2947 mei.
898 2929 941 2993 ,2

65 3018 75 3051 ,
98 2967 259 3052 Africana,
282 2969 433 3035 ostendas
452 2970 617 3053 oportebit
634 2969 759 3057 patriae
777 2970 888 3035 lumen
906 3007 939 3055 12

66 3056 145 3208 tlt
163 3056 435 3227 llllltttll·
451 3055 539 3210 illl
562 3058 888 3212 eiililllfiblii

66 3253 123 3296 nos
152 3233 274 3297 octiens
302 3232 381 3297 solis
410 3232 574 3298 anfractus
602 3233 788 3318 reditusque
816 3257 889 3301 con·

66 3320 189 3404 duoque
220 3320 244 3384 ii
274 3320 413 3404 numeri,
446 3343 582 3406 quorum
612 3325 747 3406 uterque
772 3324 888 3406 plenus

66 3430 97 3472 ra
121 3408 159 3472 de
182 3430 280 3474 causa
301 3409 453 3493 habetur,
480 3409 616 3474 circuitu
637 3410 781 3474 naturali
804 3431 888 3475 sum-

86 3495 221 3561 fatalem
249 3496 459 3582 confecerint,
485 3497 520 3560 in
546 3499 579 3561 te
606 3519 707 3586 unum
733 3500 831 3581 atque
853 3498 888 3564 in
977 3506 1016 3631 d

621 3599 676 3652 36*
