2476 3848
496 165 736 227 -178-

112 354 188 396 nern
211 335 244 395 et
265 332 439 415 praecepta
461 328 635 411 desiderat,
659 350 740 411 quae
759 332 869 393 autern
891 350 993 413 parva
1010 328 1121 394 viden·

113 423 168 484 tur
191 439 260 482 esse
284 417 402 483 delicta
424 438 527 500 neque
551 439 571 480 a
588 416 701 480 multis
723 416 874 502 intellegi
897 420 1050 502 possunt,
1078 418 1122 484 ab

112 507 153 571 iis
186 510 236 570 est
267 504 456 591 diligentius
489 503 721 568 declinandum.
772 502 819 567 Ut
850 504 885 567 in
915 497 1034 569 fidibus
1064 510 1122 570 aut

112 594 218 678 tibiis,
242 593 388 677 quamvis
411 592 544 676 paulurn
564 591 760 675 discrepent,
777 595 889 656 tamen
907 591 942 656 id
960 614 980 656 1
998 592 1122 658 sciente

113 682 327 747 animadverti
350 680 448 763 solet,
477 680 523 744 sic
545 679 718 745 videndum
746 683 797 744 est
823 679 859 743 in
880 679 950 743 vita
972 680 1122 746 neforto

114 770 190 854 quid
214 769 387 853 discrepet,
409 769 462 833 vel
484 767 589 831 multo
612 767 712 831 etiam
730 766 850 851 magis,
873 788 937 850 quo
960 767 1065 832 maior
1088 772 1123 834 et

59 827 112 953 ,¹416
127 857 242 922 melior
265 857 428 921 actionum
452 877 549 939 quarn
578 876 730 918 sonorum
754 858 929 920 concentus
952 859 1011 920 est.
1056 854 1122 922 Ita·

114 967 188 1028 que,
215 948 253 1008 ut
276 945 314 1008 in
340 943 458 1007 fidibus
481 942 678 1006 musicorum
702 963 795 1006 aures
818 944 870 1007 vel
893 943 1029 1008 minima
1051 965 1122 1008 sen·

112 1033 208 1115 tiunt,
231 1032 277 1096 sie
298 1053 367 1115 nos,
391 1031 419 1095 si
437 1051 527 1094 acres
547 1052 584 1094 ac
603 1030 776 1115 diligentes
795 1031 1034 1096 essevolumus
1053 1032 1121 1096 ani-

112 1120 426 1202 madversores[que]
448 1117 611 1201 vitiorum,
634 1139 754 1202 magna
772 1139 868 1202 saepe
891 1119 1120 1204 intellegemus
1237 1142 1238 1146 ¹

113 1229 152 1272 ex
174 1207 292 1290 parvis.
328 1207 378 1270 Ex
402 1206 569 1271 oculorum
588 1208 714 1290 optutu,
734 1206 979 1290 superciliorum
999 1211 1121 1272 autre

112 1295 267 1359 missione
290 1297 346 1359 aut
364 1293 598 1376 contractione,
622 1314 660 1358 ex
678 1294 859 1378 maestitia,
882 1316 921 1359 ex
943 1294 1121 1379 hilaritate,

113 1404 152 1447 ex
178 1383 260 1466 risu,
289 1404 328 1446 ex
354 1382 531 1465 locutione,
565 1403 604 1444 ex
632 1381 815 1464 reticentia,
843 1403 882 1446 ex
913 1382 1121 1448 contentione

112 1470 210 1554 vocis,
234 1493 272 1534 ex
295 1469 529 1551 summissione,
553 1490 592 1532 ex
610 1469 725 1533 ceteris
746 1469 907 1534 similibus
925 1469 1021 1535 facile
1040 1470 1120 1535 iudi·

112 1558 266 1641 cabimus
290 1558 365 1641 quid
385 1579 498 1621 eorum
517 1560 592 1641 apte
610 1556 678 1640 fiat,
702 1556 780 1640 quid
797 1557 838 1622 ab
859 1557 965 1622 officio
988 1562 1120 1623 natura·

113 1668 174 1730 que
198 1646 364 1729 discrepet.
410 1644 480 1718 Quo
503 1644 537 1708 in
560 1665 677 1729 genere
700 1667 766 1709 non
794 1647 844 1708 est
870 1645 1121 1729 incommodum,

112 1733 208 1817 quale
233 1734 371 1816 quidque
394 1754 505 1796 eorum
525 1732 577 1814 sit,
600 1753 639 1795 ex
658 1732 731 1796 aliis
750 1732 900 1816 iudicare,
921 1735 967 1815 ut,
990 1733 1019 1796 si
1041 1733 1121 1815 quid

112 1821 263 1885 dedeceat
289 1821 324 1884 in
350 1819 430 1903 illis,
462 1819 600 1883 vitemus
633 1819 710 1903 ipsi,
740 1821 779 1883 fit
807 1820 892 1884 enim
918 1819 1026 1884 nescio
1054 1842 1119 1904 quo

111 1909 222 1992 modo,
244 1911 281 1971 ut
304 1907 409 1990 magis
431 1907 466 1969 in
490 1906 563 1970 aliis
587 1929 754 1971 cernamus
779 1930 877 1990 quam
898 1908 934 1974 in
954 1908 1121 1974 nobismet

112 1996 201 2079 ipsis,
220 1995 248 2058 si
267 1994 343 2077 quid
362 1993 567 2077 delinquitur.
603 1993 717 2077 Itaque
730 1995 896 2060 facillume
912 1996 1120 2082 corriguntur

112 2083 147 2147 in
170 2082 328 2164 discendo,
352 2103 488 2164 quorum
511 2081 593 2146 vitia
615 2082 786 2147 imitantur
808 2083 1000 2148 emendandi
1022 2106 1120 2150 causa

59 2184 110 2233 141
125 2169 285 2253 magistri.
320 2167 388 2232 Nec
407 2191 483 2233 vero
503 2169 644 2233 alienum
663 2173 714 2234 est
732 2170 773 2234 ad
794 2192 832 2235 ea
855 2171 1013 2256 eligenda,
1037 2194 1120 2256 quae

113 2256 348 2320 dubitationem
376 2257 527 2335 afferunt,
560 2257 712 2321 adhibere
745 2258 856 2322 doctos
887 2259 1036 2324 homines
1065 2262 1120 2325 vel

112 2344 211 2408 etiam
234 2365 295 2408 usu
313 2344 434 2428 peritos
458 2349 499 2428 et,
523 2344 600 2427 quid
618 2345 658 2409 iis
677 2345 716 2409 de
736 2366 863 2428 qnoque
883 2346 983 2411 officii
1002 2369 1120 2433 genere

111 2433 252 2516 placeat,
280 2433 453 2515 exquirere.
498 2432 603 2497 Maior
631 2433 717 2497 enim
744 2455 882 2516 perseo
909 2433 977 2498 fere
1001 2434 1120 2499 deferri

112 2520 205 2604 solet,
229 2542 292 2604 quo
316 2543 335 2584 a
357 2523 474 2584 natura
496 2520 568 2604 ipsa
592 2520 766 2585 deducitur.
807 2519 847 2585 In
870 2521 987 2604 quibus
1009 2521 1120 2587 viden-

112 2608 187 2673 dum
212 2613 271 2690 est,
292 2630 359 2672 non
381 2608 477 2672 modo
501 2608 578 2691 quid
597 2609 732 2692 quisque
753 2608 923 2693 loquatur,
939 2608 995 2673 sed
1018 2610 1120 2688 etiam

113 2697 189 2779 quid
212 2697 346 2779 quisque
375 2695 494 2759 sentiat
521 2699 618 2779 atque
641 2697 741 2760 etiarn
764 2696 802 2760 de
826 2718 890 2780 qua
912 2718 1010 2762 causa
1033 2698 1120 2780 quis·

113 2805 173 2866 que
197 2784 324 2847 sentiat.
369 2781 416 2846 Ut
439 2783 524 2847 enirn
546 2783 688 2867 pictores
711 2787 743 2848 et
765 2784 802 2867 ii,
826 2784 881 2867 qui
904 2786 998 2870 signa
1020 2784 1120 2849 fabri-

112 2873 239 2952 cantur,
271 2871 304 2932 11
330 2891 406 2933 111ο
435 2871 534 2934 etiam
560 2874 677 2954 potitae
706 2892 798 2935 suurn
827 2871 962 2954 quisque
990 2895 1071 2958 opus
1099 2896 1121 2938 a

111 2957 212 3041 vulgo
236 2956 431 3021 considerari
453 2959 534 3041 vult,
556 2962 606 3042 ut,
630 2958 658 3022 si
679 2958 756 3042 quid
775 2959 1010 3044 reprehensum
1032 2962 1077 3025 sit
1100 2984 1122 3026 a

111 3044 269 3128 pluribus,
287 3042 320 3105 id
339 3045 529 3129 corrigatur,
547 3045 634 3129 iique
653 3049 686 3109 et
705 3067 813 3111 secum
832 3050 865 3111 et
879 3048 920 3112 ab
940 3048 1023 3132 aliis,
1042 3048 1121 3132 quid

111 3132 146 3195 in
169 3153 206 3195 eo
225 3134 393 3214 peccatum
412 3132 464 3216 sit,
488 3134 669 3217 exquirunt,
693 3133 739 3198 sic
757 3135 895 3200 aliorum
914 3136 1031 3200 iudicio
1049 3158 1121 3220 per-

112 3218 216 3282 multa
242 3217 336 3282 nobis
367 3221 399 3282 et
425 3219 571 3285 facienda
595 3224 628 3284 et
649 3243 716 3286 non
737 3221 884 3288 facienda
907 3228 940 3287 et
963 3224 1121 3289 mutanda

59 3321 111 3371 148
127 3309 159 3370 et
186 3306 377 3390 corrigenda
405 3310 488 3372 sunt.
533 3307 622 3384 Quae
648 3331 726 3374 vero
753 3330 842 3374 more
866 3314 1004 3395 agentur
1026 3311 1120 3375 insti-

112 3394 255 3477 tutisque
279 3395 437 3479 civilibus,
460 3394 498 3460 de
520 3395 562 3461 iis
583 3396 667 3460 nihil
690 3400 740 3462 est
762 3397 1037 3482 praecipiendum
1059 3399 1122 3464 illa

26 3464 83 3629 ἲ
112 3481 197 3547 enirn
220 3482 292 3567 ipsa
314 3486 487 3568 praecepta
510 3486 598 3567 sunt,
624 3506 685 3549 nec
708 3506 902 3568 quemquam
923 3485 985 3550 hoc
1009 3507 1121 3552 errore
