2476 3848
468 187 708 254 -487-

89 369 127 411 11
152 346 328 411 fortuitane
358 346 424 410 sint
452 368 495 411 au
522 368 558 412 eo
587 349 688 429 statu,
721 367 783 430 quo
807 347 976 411 cohaerere
997 347 1087 412 nullo

88 433 183 498 modo
212 433 378 518 potuerint
403 433 468 498 nisi
496 455 592 499 sensu
613 434 800 498 moderante
823 433 992 518 divinaque
1015 456 1088 519 pro·

88 521 240 586 videntia.
293 519 327 586 Si
358 521 461 607 igitur
493 522 628 586 meliora
660 525 735 585 sunt
767 543 817 606 ea,
850 542 931 604 quae
961 524 1087 603 natura,

89 631 186 693 quam
217 609 288 692 illa,
320 631 402 693 quae
434 612 504 676 arte
532 609 676 695 perfecta
703 611 791 691 sunt,
822 629 881 673 neo
908 629 961 672 ars
989 608 1088 672 efficit

90 697 260 780 quicquam
283 696 352 760 sine
374 697 509 780 ratione,
529 718 571 761 ne
592 700 711 762 natura
734 695 862 780 quidem
883 695 1019 760 rationis
1038 717 1088 760 ex·

89 805 163 869 pers
191 786 241 847 est
266 783 423 848 habenda.
468 783 530 860 Qui
555 784 657 869 igitur
684 783 845 866 convenit,
877 783 1005 868 signum
1033 784 1089 847 aut

90 871 237 937 tabulam
263 872 384 955 pictam
411 894 483 936 cum
510 871 685 957 aspexeris,
715 871 795 936 scire
818 870 1000 936 adhibitam
1020 891 1089 934 esse

90 962 207 1042 artem,
238 980 373 1042 cumque
404 959 517 1042 procul
549 982 677 1024 cursum
708 958 831 1044 navigii
861 958 994 1042 videris,
1024 979 1090 1022 non

91 1047 251 1129 dubitare,
282 1046 359 1129 quin
387 1046 421 1110 id
447 1047 573 1111 ratione
602 1051 698 1138 atque
723 1050 792 1111 arte
815 1051 996 1129 moveatur,
1025 1048 1090 1129 aut,
1181 1084 1184 1092 ·

91 1157 164 1199 cum
186 1134 341 1198 solarium
358 1134 411 1197 vel
429 1133 618 1218 discriptum
636 1135 688 1199 vel
707 1155 746 1199 ex
764 1156 848 1218 aqua
866 1134 1089 1218 contemplere,

90 1221 277 1306 intellegere
306 1221 462 1285 declarari
489 1221 587 1286 horas
616 1225 698 1305 arte,
724 1243 791 1286 non
817 1242 907 1305 casu,
936 1221 1090 1285 mundum

91 1312 214 1392 autem,
245 1309 300 1392 qui
329 1312 361 1372 et
389 1308 449 1372 has
476 1308 564 1393 ipsas
593 1312 679 1372 artes
706 1312 739 1372 11
762 1330 872 1373 earum
895 1309 1033 1372 artifices
1058 1311 1090 1371 et

91 1400 206 1461 cuncta
228 1396 458 1481 conplectatur,
481 1395 608 1460 consilii
630 1398 663 1460 et
684 1395 820 1460 rationis
839 1416 908 1458 esse
927 1397 1090 1478 expertem

89 1484 227 1569 putare?
259 1483 380 1558 Quodsi
397 1483 431 1547 in
449 1481 616 1567 Scythiam
634 1487 690 1547 aut
707 1483 742 1546 111
755 1481 960 1545 Britanniam
978 1481 1090 1566 sphae-
1108 1496 1143 1547 88

91 1593 163 1635 ram
181 1571 298 1655 aliquis
316 1571 429 1635 tulerit
446 1571 539 1654 hano,
558 1593 655 1655 quam
672 1591 775 1654 nuper
791 1568 962 1633 familiaris
979 1572 1091 1634 noster

91 1659 196 1723 effecit
222 1657 427 1743 Posidonius,
458 1659 547 1723 cuius
580 1658 728 1744 singulae
756 1657 978 1722 conversiones
1005 1656 1091 1721 idem

92 1746 236 1811 efficiunt
261 1747 296 1811 in
322 1747 391 1811 sole
418 1749 452 1811 11
477 1746 512 1810 in
538 1747 617 1811 luna
643 1745 732 1810 etin
755 1744 893 1829 quinque
917 1745 1021 1808 stellis
1044 1766 1092 1809 11·

91 1835 252 1919 rantibus,
285 1834 370 1918 quod
402 1834 540 1899 efficitur
571 1833 607 1898 in
638 1833 727 1899 caelo
756 1832 890 1918 singulis
918 1832 1030 1897 diebus
1059 1835 1091 1897 et

90 1923 250 2006 noctibus,
291 1922 341 1987 uis
359 1922 394 1986 in
410 1921 470 1987 illa
487 1921 640 1987 barbaria
658 1921 792 2004 dubitet,
810 1920 888 2005 quin
902 1941 940 1985 ea
953 1920 1091 2004 sphaera

91 2010 135 2073 sit
161 1944 305 2093 perfeola
335 2010 483 2075 ratione?
527 2009 573 2074 Hi
600 2012 708 2074 autem
730 2009 880 2073 dubitant
902 2006 940 2073 de
963 2008 1145 2091 mundo,35

91 2118 129 2161 ex
160 2119 223 2179 quo
252 2101 285 2161 11
315 2098 462 2162 oriuntur
489 2101 521 2161 et
547 2097 630 2161 fiunt
658 2096 778 2180 omnia,
810 2117 926 2160 casune
955 2095 1025 2179 ipsc
1048 2096 1092 2159 sit

91 2184 223 2248 effectus
256 2188 312 2249 aut
343 2185 536 2250 necessitate
563 2184 672 2267 aliqua
699 2204 741 2248 au
767 2183 892 2248 ratione
920 2205 958 2248 ac
984 2187 1091 2248 mente

91 2271 211 2353 divina,
244 2275 277 2334 et
303 2271 529 2337 Archimedem
559 2271 758 2337 arbitrantur
788 2272 863 2355 plus
890 2271 1031 2335 valuisse
1057 2271 1093 2335 in

90 2358 256 2422 imitandis
284 2359 439 2443 sphaerae
467 2359 728 2425 conversionibus
756 2380 854 2443 quam
879 2361 1031 2422 naturam
1056 2358 1092 2422 in

92 2445 279 2531 efficiendis,
311 2447 502 2530 praesertim
528 2469 601 2512 cum
628 2446 739 2511 multis
766 2445 913 2530 partibus
942 2446 1008 2509 sint
1033 2445 1092 2508 illa

91 2534 234 2619 perfecta
265 2556 363 2618 quam
392 2535 472 2600 haec
504 2535 657 2599 simulata
683 2532 857 2599 sollertius.
906 2532 1008 2616 Atqui
1034 2532 1145 2604 111111

93 2622 177 2707 apud
195 2621 330 2687 Accium
351 2625 473 2707 pastor,
496 2623 551 2706 qui
572 2644 689 2688 navem
709 2641 885 2706 numquam
905 2623 979 2684 ante
997 2619 1092 2684 vidis·

93 2713 151 2793 set,
174 2713 210 2772 ut
231 2710 344 2794 procul
367 2708 510 2774 divinum
533 2713 566 2774 et
587 2732 708 2776 novum
728 2709 909 2775 vehiculum
924 2706 1092 2792 Argonau-

91 2800 199 2861 tarum
227 2819 244 2860 e
267 2801 377 2863 monte
400 2798 578 2883 conspexit,
602 2798 708 2883 primo
732 2796 895 2863 admirans
918 2798 951 2858 11
973 2797 1093 2879 perter-

93 2882 175 2947 ritus
198 2883 260 2948 hoc
283 2885 379 2950 modo
402 2885 557 2969 loquitur:

556 2971 821 3038 Tantamoles
845 2970 992 3036 labitur

134 3055 392 3124 Fremibdnda
410 3080 454 3123 ex
472 3060 553 3125 alto
572 3059 724 3144 inge'nti
742 3059 873 3124 sonitu
889 3060 926 3122 et
942 3056 1093 3141 spiritu.

134 3143 229 3209 Prae
253 3167 292 3210 sc
315 3147 435 3211 undas
458 3147 596 3231 volvit,
619 3147 789 3212 vertices
812 3147 849 3211 vi
872 3146 1051 3229 suscitat,

134 3231 228 3296 Ruit
249 3235 446 3318 prolapsa,
468 3234 629 3318 pelagus
652 3232 862 3320 respergit,
885 3233 1013 3298 reflat.

134 3319 196 3385 Ita
214 3321 299 3385 dum
316 3320 578 3404 interruptum
596 3321 728 3386 credas
745 3322 917 3386 nimbum
931 3320 1093 3403 volvier,

134 3407 230 3473 Dum
254 3410 352 3492 quod
374 3408 541 3474 sublime
563 3408 692 3474 ventis
716 3410 914 3494 expulsum
936 3407 1023 3491 rapi

135 3493 273 3560 Saxum
296 3499 360 3562 adt
382 3497 583 3583 procellis,
605 3498 665 3562 vel
688 3497 872 3584 globosos
894 3494 1071 3560 turbines
1135 3516 1146 3603 p·
