2476 3848
514 159 755 222 -424-

131 317 234 400 iisque
264 319 297 380 et
322 314 453 380 morbos
487 314 678 379 insanabilis
706 316 740 376 et
767 313 895 378 dolores
924 313 1147 379 intolerabilis

133 404 342 486 adiunxisset,
371 403 496 468 animos
524 423 651 486 quoque
679 401 803 466 dederit
829 404 862 464 et
884 423 1054 484 corporum
1085 403 1144 468 do·

131 492 254 557 loribus
288 491 492 575 congruentis
526 494 559 554 et
590 489 766 572 separatim
798 489 864 553 suis
900 489 1074 574 angoribus
1109 495 1146 554 et

95 579 291 644 emolestiis
323 579 513 662 implicatos.
568 576 630 644 Sed
662 578 696 641 in
726 578 788 641 hoc
819 598 870 640 me
901 578 971 661 ipse
1003 579 1146 662 castigO,

131 668 216 751 quod
245 689 283 732 ex
310 668 446 732 aliorum
474 670 507 731 et
533 689 571 731 ex
593 669 704 730 nostra
726 665 864 729 fortasse
892 664 1043 748 mollitia,
1073 686 1145 730 non

132 777 170 820 ex
188 756 260 838 ipsa
278 755 407 838 virtute,
425 755 463 819 de
477 754 607 819 virtutis
626 754 742 817 robore
762 751 930 816 existumo.
962 751 1024 816 Illa
1043 753 1145 837 enim,

131 844 161 908 si
182 844 277 907 modo
297 847 347 908 est
365 843 432 907 ulla
450 843 566 924 virtus,
589 863 685 926 quam
705 840 940 904 dubitationem
961 840 1144 906 avunculus

131 935 220 1013 tuus,
242 929 356 1012 Brute,
380 929 523 1007 sustulit,
546 930 666 1012 omnia,
690 949 771 1012 quae
790 927 902 992 cadere
923 927 1143 994 inhominem

131 1022 282 1102 possunt,
306 1019 417 1082 subter
440 1039 473 1080 se
500 1016 599 1081 habet
621 1037 720 1098 eaque
747 1015 925 1099 despiciens
948 1037 1040 1079 casus
1064 1039 1139 1082 con·

130 1107 249 1171 temnit
283 1106 442 1169 humanos
479 1105 633 1187 culpaque
667 1104 755 1167 omni
792 1125 902 1168 carens
939 1106 1066 1186 praeter
1105 1127 1143 1169 se

130 1195 237 1276 ipsam
260 1194 342 1256 nihil
360 1197 470 1257 censet
491 1192 532 1256 ad
555 1213 589 1255 se
607 1191 776 1273 pertinere.
812 1190 881 1254 Nos
901 1196 1008 1255 autem
1027 1193 1144 1258 omnia

132 1281 267 1346 adversa
293 1303 365 1345 cum
391 1279 554 1344 venientia
581 1281 669 1342 metu
697 1283 864 1362 augentes,
891 1283 961 1342 tum
992 1301 1143 1345 maerore

130 1369 315 1453 praesentia
351 1390 456 1448 rerum
492 1371 642 1430 naturam
678 1387 773 1449 quam
813 1387 954 1430 errorem
989 1371 1143 1433 nostrum

131 1459 285 1523 damnare
307 1457 474 1521 malumus.

92 1516 113 1642 Ξ
199 1542 261 1610 Sed
284 1549 317 1610 et
338 1544 433 1608 buius
456 1544 569 1625 culpae
592 1546 625 1606 et
646 1545 825 1607 ceterorum
847 1544 999 1608 vitiorum
1026 1565 1138 1626 pecca·

131 1639 302 1718 torumque
337 1635 520 1696 nostrorum
557 1631 660 1695 omnis
699 1653 718 1695 a
753 1631 963 1715 philosophie
998 1632 1142 1713 petenda

132 1724 288 1787 correctio
312 1724 369 1786 est.
407 1717 505 1784 Cuius
527 1719 562 1783 in
584 1720 689 1783 sinum
713 1741 785 1783 cum
809 1719 962 1802 oprimis
985 1721 1141 1802 tempori-

132 1810 192 1875 bus
221 1810 338 1873 aetatis
365 1812 477 1872 nostra
503 1807 654 1872 voluntas
682 1807 885 1890 studiumque
913 1829 972 1870 nos
1005 1828 1142 1891 compu-

131 1898 237 1980 lisset,
260 1896 311 1959 his
336 1895 534 1979 gravissimis
558 1894 686 1958 casibus
709 1894 743 1958 in
767 1896 900 1958 eundem
923 1899 1067 1978 portum,
1100 1918 1140 1960 ex

132 2006 195 2067 quo
227 2004 354 2048 eramus
386 1982 517 2064 egressi,
549 2002 668 2064 magna
699 1982 811 2047 iactati
842 1986 1033 2066 tempestate
1063 2005 1141 2048 con·

132 2070 283 2153 fugimus.
334 2069 361 2135 O
389 2070 473 2132 vitae
500 2067 709 2152 philosophia
737 2069 811 2150 dux,
840 2091 858 2133 o
887 2070 1017 2135 virtutis
1048 2071 1139 2135 inda-

132 2156 719 2309 tltnttttttmtltutt
734 2157 1142 2328 tltttlltttt

132 2332 223 2397 urbis
250 2331 418 2415 peperisti,
444 2334 481 2394 tu
509 2330 682 2414 dissipatos
708 2330 856 2397 homines
883 2333 917 2397 in
950 2333 1139 2399 societatem

132 2421 219 2485 vitae
252 2418 448 2501 convocasti,
484 2421 520 2482 tu
552 2439 614 2483 eos·
638 2418 723 2483 inter
755 2441 803 2484 se
820 2421 925 2503 primo
958 2422 1141 2507 domiciliis,

133 2508 246 2573 deinde
262 2507 428 2593 coniugiis,
446 2510 516 2571 tum
534 2507 715 2571 litterarum
730 2510 763 2571 et
779 2529 895 2573 vocum
914 2511 1141 2575 communione

132 2595 278 2677 iunxisti,
305 2599 341 2660 tu
368 2596 528 2661 inventrix
554 2595 677 2679 legum,
703 2599 740 2658 tu
766 2597 924 2680 magistra
952 2618 1077 2661 morum
1105 2602 1142 2663 et

134 2683 322 2766 disciplinae
344 2683 448 2767 fuisti,
472 2683 512 2747 ad
534 2686 567 2746 te
591 2683 806 2767 confugimus,
834 2706 853 2748 a
881 2688 914 2748 te
937 2706 1031 2767 opem
1056 2683 1138 2768 peti·

133 2794 218 2855 mus,
249 2771 311 2836 tibi
337 2793 412 2854 nos,
443 2775 479 2835 ut
506 2774 601 2835 antea
627 2791 746 2856 magna
773 2792 811 2834 ex
841 2775 946 2855 parte,
976 2773 1022 2837 sic
1050 2794 1138 2837 nunc

132 2861 262 2942 penitus
284 2863 433 2943 totosque
456 2858 623 2923 tradimus.
658 2856 720 2922 Est
738 2862 845 2923 autem
862 2882 946 2924 unus
970 2860 1036 2925 dies
1055 2861 1140 2924 bene

134 2950 223 3011 etex
245 2948 424 3031 praeceptis
442 2947 506 3011 tuis
526 2950 615 3011 actus
634 2947 780 3029 peccanti
800 2947 1030 3012 inmortalitati
1049 2951 1139 3012 ante-

133 3035 307 3114 ponendus.
353 3033 451 3100 Cuius
478 3035 578 3120 igitur
604 3034 714 3116 potius
743 3035 857 3116 opibus
884 3039 1014 3100 utamur
1041 3057 1139 3122 quem

135 3121 213 3204 tuis,
237 3144 317 3204 quae
340 3127 373 3185 et
395 3123 480 3186 vitae
502 3121 771 3204 tranquillitatem
794 3122 913 3206 largita
930 3124 1024 3189 nobis
1047 3145 1081 3188 es
1105 3127 1141 3188 et

99 3207 289 3271 eterrorem
321 3210 434 3273 mortis
467 3208 650 3273 sustulisti?
695 3210 743 3274 Ao
773 3210 981 3294 philosophia
1008 3210 1139 3294 quidem

134 3295 261 3358 tantum
289 3296 381 3359 abest
406 3299 443 3360 ut
468 3297 617 3380 proinde,
650 3318 687 3361 ac
719 3297 758 3360 de
789 3297 957 3363 hominum
990 3302 1040 3364 est
1070 3299 1142 3363 vita

134 3383 263 3465 merita,
295 3382 455 3465 laudetur,
487 3387 524 3448 ut
556 3407 575 3447 a
605 3385 766 3468 plerisque
796 3385 944 3470 neglecta
976 3409 995 3449 a
1026 3386 1142 3450 multis

134 3471 233 3535 etiam
246 3471 454 3552 vituperetur.
481 3471 671 3555 Vituperere
685 3473 855 3556 quisquam
868 3474 952 3538 vitae
970 3476 1141 3556 parentem
