2476 3848
539 179 780 244 -170-

101 360 150 410 111
166 345 374 412 Commutato
398 348 507 411 autem
530 365 647 431 genere
669 344 757 410 vitae
780 343 869 409 omni
895 343 1022 409 ratione
1049 365 1163 410 ouran·

153 433 316 520 domest,
345 437 382 499 ut
408 433 443 498 id
468 433 555 498 bono
582 433 717 499 oonsilio
740 431 856 498 fecisse
878 432 1053 497 videamur.
1098 430 1163 498 Sed

153 521 306 606 quoniam
319 521 416 606 paulo
436 524 511 585 ante
529 520 652 586 dictum
670 523 721 584 est
733 520 908 586 imitandos
927 540 998 584 esse
1012 519 1162 605 maiores,

151 609 293 693 primum
319 609 400 674 illud
427 612 597 693 exceptum
623 608 680 692 sit,
711 628 752 673 no
783 608 865 673 vitia
896 607 963 672 sint
994 607 1163 692 imitanda,

153 696 275 782 deinde,
297 697 327 762 si
348 699 467 761 natura
483 718 550 761 non
566 696 659 779 leret,
680 698 718 760 ut
736 695 895 779 quaedam
913 695 1038 760 imitari
1055 697 1161 780 possit

151 781 202 870 (ut
226 784 402 869 superioris
428 783 516 848 filius
539 782 699 866 Africani,
726 783 783 866 qui
808 784 894 848 hune
916 783 1019 848 Paulo
1047 787 1164 848 natum

152 873 335 956 adoptavit,
364 875 497 956 propter
523 871 749 936 infirmitatem
776 871 972 936 valetudinis
998 891 1066 935 non
1092 876 1163 936 tam

151 960 260 1044 potuit
287 960 392 1044 patris
419 959 535 1023 similis
563 979 647 1042 esse,
679 980 776 1042 quam
804 959 861 1023 ille
888 958 996 1023 fuerat
1022 957 1101 1044 sui),
1134 960 1163 1023 si

151 1046 253 1131 igitur
266 1068 333 1110 non
345 1046 467 1131 poterit
485 1046 553 1110 sive
572 1067 685 1111 causas
705 1046 899 1111 defensitare
918 1046 986 1111 sive
1004 1047 1162 1130 populum

152 1134 357 1199 contionibus
380 1137 490 1198 tenere
513 1133 582 1198 sive
604 1134 693 1198 bella
716 1155 836 1219 gerere,
858 1135 918 1198 illa
939 1137 1050 1198 tamen
1070 1155 1162 1218 prae

153 1224 240 1285 stare
258 1220 397 1304 debebit,
416 1243 498 1305 quae
516 1224 611 1286 erunt
627 1221 662 1286 in
679 1221 782 1306 ipsius
800 1224 973 1306 potestate,
990 1221 1161 1306 iustitiam,

150 1308 261 1393 fidem,
293 1309 539 1392 liberalitatem,
569 1310 776 1392 modestiam,
803 1309 1068 1393 temperantiam,
1097 1331 1160 1394 quo

151 1396 259 1461 minus
278 1397 319 1461 ab
339 1418 376 1462 eo
394 1397 437 1480 id,
457 1397 542 1481 quod
559 1396 651 1479 desit,
669 1397 862 1481 requiratur.
894 1396 1037 1481 Optuma
1051 1401 1161 1462 autem

150 1483 313 1550 hereditas
342 1507 362 1549 a
388 1486 537 1569 patribus
563 1485 706 1550 traditur
733 1485 844 1549 liboris
877 1485 1029 1568 omnique
1060 1486 1161 1569 patri·

151 1573 260 1638 monio
278 1573 498 1657 praestantior
519 1573 626 1659 gloria
642 1573 774 1639 virtutis
792 1594 964 1656 rerumque
984 1576 1160 1658 gestarum,

151 1661 203 1725 cui
226 1660 374 1725 dedecori
396 1682 466 1725 esse
487 1661 579 1725 nefas
604 1664 651 1741 [et
672 1660 803 1742 vitium]
826 1660 1032 1725 iudicandum
1057 1665 1116 1726 est.

99 1716 149 1845 ᾖ
217 1748 262 1812 Et
282 1749 435 1832 quoniam
453 1748 561 1812 officia
578 1770 645 1813 non
663 1748 773 1813 eadem
793 1748 976 1833 disparibus
996 1749 1160 1814 aetatibus

151 1836 339 1900 tribuuntur
353 1836 480 1919 aliaque
495 1839 570 1899 sunt
588 1836 748 1919 iuvenum,
768 1837 832 1901 alia
846 1837 1023 1921 seniorum,
1037 1838 1161 1921 aliquid

152 1924 250 1988 etiam
278 1923 317 1988 de
344 1923 405 1988 hac
434 1923 641 1988 distinctione
668 1922 836 1989 dicendum
864 1928 921 1989 est.
966 1924 1028 1990 Est
1057 1925 1160 2010 igitur

152 2011 366 2076 adulescentis
394 2010 532 2075 maiores
563 2014 643 2075 natu
674 2012 779 2076 vereri
810 2033 912 2095 exque
943 2011 984 2076 iis
1017 2012 1158 2098 deligere

152 2099 292 2182 optimos
307 2103 341 2162 et
354 2099 613 2184 probatissimos,
632 2121 769 2182 quorum
784 2100 919 2165 consilio
940 2103 1037 2183 atque
1052 2105 1160 2166 auoto-

151 2185 249 2250 ritate
276 2185 415 2271 nitatur;
446 2186 587 2251 ineuntis
620 2187 705 2252 enim
738 2188 855 2253 aetatis
887 2188 1019 2252 inscitia
1046 2210 1159 2253 senum

150 2273 377 2339 constituenda
395 2277 428 2338 et
446 2275 587 2360 regenda
603 2275 776 2360 prudentia
794 2279 852 2340 est.
884 2275 1034 2340 Maxume
1049 2280 1159 2342 autem

128 2360 231 2426 <haec
253 2364 343 2427 aetas
368 2384 387 2427 a
409 2362 599 2427 libidinibus
627 2364 764 2429 arcenda
787 2367 837 2428 est
862 2364 1100 2448 exercendaque
1123 2365 1158 2429 in

150 2449 263 2515 labore
285 2450 507 2534 patientiaque
530 2453 563 2515 et
586 2451 686 2515 animi
709 2455 742 2516 et
763 2452 915 2535 eorporis,
938 2455 1104 2516 uteorum
1124 2456 1158 2515 et

149 2537 185 2601 in
198 2537 322 2603 bellicis
338 2538 419 2603 etin
436 2539 586 2604 civilibus
601 2538 715 2604 officiis
729 2538 840 2624 vigeat
853 2539 1021 2605 industria.
1048 2539 1158 2622 Atque

150 2625 250 2691 etiam
264 2649 337 2691 oum
350 2627 497 2691 relaxare
511 2627 636 2691 animos
651 2630 685 2691 ct
699 2626 775 2691 dare
789 2647 823 2691 se
835 2626 1029 2692 iucunditati
1037 2627 1158 2711 volent,

150 2717 286 2779 careant
299 2713 592 2799 intemperantiam,
610 2714 816 2780 meminerint
834 2715 1053 2800 verecundiae,
1073 2716 1159 2799 quod

146 2802 213 2867 erit
234 2802 371 2886 facilius,
393 2802 422 2866 si
444 2823 483 2868 ne
504 2802 539 2866 in
562 2802 630 2866 eius
648 2802 737 2866 modi
756 2803 884 2886 quidem
903 2804 1000 2867 rebus
1018 2804 1158 2869 maiores

98 2904 148 2953 123
163 2893 244 2954 natu
269 2890 384 2954 nolent
412 2889 576 2955 interesse.
622 2887 758 2955 Senibus
792 2893 902 2955 autem
933 2891 1063 2956 labores
1091 2913 1158 2958 cor·

149 2976 239 3060 poris
261 2976 439 3060 minuendi,
468 2977 713 3043 exercitationes
742 2978 841 3042 animi
869 2979 968 3044 etiam
992 2981 1158 3065 augendae

149 3063 313 3147 videntur,
342 3064 447 3129 danda
473 3087 549 3131 vero
578 3088 690 3152 opera,
717 3069 754 3130 ut
782 3069 814 3130 et
842 3068 963 3132 amicos
991 3071 1024 3132 et
1051 3069 1160 3133 iuven·

149 3154 254 3216 tutem
277 3155 310 3216 et
332 3152 471 3216 maxime
495 3174 563 3219 rem
585 3154 750 3239 publicam
774 3155 909 3220 consilio
930 3159 964 3220 et
986 3155 1159 3239 prudentia

150 3260 247 3322 quam
270 3239 447 3323 plurimum
470 3241 630 3307 adiuvent.
666 3242 759 3308 Nihil
783 3246 892 3308 autem
915 3242 1021 3327 magis
1045 3263 1159 3307 caven·

149 3326 226 3391 dum
254 3330 303 3391 est
331 3328 502 3412 senectuti,
532 3350 629 3413 quam
652 3351 693 3395 ne
721 3330 873 3417 languori
896 3351 930 3395 so
953 3328 1158 3413 desidiaeque

149 3414 258 3498 dedat3
281 3415 409 3481 luxuria
426 3437 503 3482 vero
522 3417 701 3484 cumomni
720 3419 822 3485 aetati
840 3417 954 3504 turpis,
977 3420 1049 3482 tum
1070 3439 1159 3483 sene-

61 3478 231 3634 Notuti
256 3502 444 3570 foedissima
472 3508 535 3590 est3
567 3505 619 3571 sin
646 3511 755 3572 autem
785 3506 885 3572 otiam
912 3505 1083 3571 libidinum
1111 3506 1158 3571 in-
