<?xml version="1.0" encoding="UTF-8"?>
<!DOCTYPE html PUBLIC "-//W3C//DTD XHTML 1.0 Transitional//EN"
    "http://www.w3.org/TR/xhtml1/DTD/xhtml1-transitional.dtd">
<html xmlns="http://www.w3.org/1999/xhtml" xml:lang="en" lang="en">
 <head>
  <title>
</title>
<meta http-equiv="Content-Type" content="text/html;charset=utf-8" />
  <meta name='ocr-system' content='tesseract 3.04.00' />
  <meta name='ocr-capabilities' content='ocr_page ocr_carea ocr_par ocr_line ocrx_word'/>
</head>
<body>
  <div class='ocr_page' id='page_1' title='image "./cicerosphilosop01cicegoog_0160.png"; bbox 0 0 2476 3848; ppageno 0'>
   <div class='ocr_carea' id='block_1_1' title="bbox 499 183 773 258">
    <p class='ocr_par' dir='ltr' id='par_1_1' title="bbox 499 183 773 258">
     <span class='ocr_line' id='line_1_1' title="bbox 499 183 773 258; baseline -0.004 -14"><span class='ocrx_word' id='word_1_1' title='bbox 499 183 773 258; x_wconf 9' lang='lat' dir='ltr'>ffl-144-</span> 
     </span>
    </p>
   </div>
   <div class='ocr_carea' id='block_1_2' title="bbox 151 345 1159 433">
    <p class='ocr_par' dir='ltr' id='par_1_2' title="bbox 151 345 1159 433">
     <span class='ocr_line' id='line_1_2' title="bbox 151 345 1159 433; baseline 0 -21"><span class='ocrx_word' id='word_1_2' title='bbox 151 350 240 433; x_wconf 88' lang='lat' dir='ltr'>post,</span> <span class='ocrx_word' id='word_1_3' title='bbox 273 348 359 432; x_wconf 91' lang='lat' dir='ltr'>quod</span> <span class='ocrx_word' id='word_1_4' title='bbox 390 368 424 411; x_wconf 87' lang='lat' dir='ltr'>se</span> <span class='ocrx_word' id='word_1_5' title='bbox 456 347 595 412; x_wconf 90' lang='lat' dir='ltr'>oblitum</span> <span class='ocrx_word' id='word_1_6' title='bbox 625 346 734 411; x_wconf 90' lang='lat' dir='ltr'>nescio</span> <span class='ocrx_word' id='word_1_7' title='bbox 767 345 844 431; x_wconf 93' lang='lat' dir='ltr'>quid</span> <span class='ocrx_word' id='word_1_8' title='bbox 876 346 1010 430; x_wconf 69' lang='lat' dir='ltr'>diceret,</span> <span class='ocrx_word' id='word_1_9' title='bbox 1046 347 1159 412; x_wconf 85' lang='lat' dir='ltr'>deinde</span> 
     </span>
    </p>
   </div>
   <div class='ocr_carea' id='block_1_3' title="bbox 29 434 1160 3638">
    <p class='ocr_par' dir='ltr' id='par_1_3' title="bbox 153 434 1159 520">
     <span class='ocr_line' id='line_1_3' title="bbox 153 434 1159 520; baseline 0 -21"><span class='ocrx_word' id='word_1_10' title='bbox 153 456 302 520; x_wconf 87' lang='lat' dir='ltr'>egressus</span> <span class='ocrx_word' id='word_1_11' title='bbox 329 457 347 499; x_wconf 93' lang='grc'>6</span> <span class='ocrx_word' id='word_1_12' title='bbox 375 434 491 500; x_wconf 86' lang='lat' dir='ltr'>castris</span> <span class='ocrx_word' id='word_1_13' title='bbox 518 435 588 499; x_wconf 89' lang='lat' dir='ltr'>iure</span> <span class='ocrx_word' id='word_1_14' title='bbox 614 434 749 499; x_wconf 91' lang='lat' dir='ltr'>iurando</span> <span class='ocrx_word' id='word_1_15' title='bbox 777 455 812 498; x_wconf 90' lang='lat' dir='ltr'>se</span> <span class='ocrx_word' id='word_1_16' title='bbox 841 435 984 499; x_wconf 84' lang='lat' dir='ltr'>solutum</span> <span class='ocrx_word' id='word_1_17' title='bbox 1010 436 1159 519; x_wconf 88' lang='lat' dir='ltr'>putabat,</span> 
     </span>
    </p>

    <p class='ocr_par' dir='ltr' id='par_1_4' title="bbox 150 519 1160 1133">
     <span class='ocr_line' id='line_1_4' title="bbox 151 519 1158 606; baseline 0.001 -20"><span class='ocrx_word' id='word_1_18' title='bbox 151 527 185 586; x_wconf 91' lang='grc'>61</span> <span class='ocrx_word' id='word_1_19' title='bbox 212 527 283 588; x_wconf 86' lang='lat' dir='ltr'>erat</span> <span class='ocrx_word' id='word_1_20' title='bbox 308 523 430 606; x_wconf 86' lang='lat' dir='ltr'>verbis,</span> <span class='ocrx_word' id='word_1_21' title='bbox 457 543 492 586; x_wconf 91' lang='lat' dir='ltr'>re</span> <span class='ocrx_word' id='word_1_22' title='bbox 519 544 585 587; x_wconf 91' lang='lat' dir='ltr'>non</span> <span class='ocrx_word' id='word_1_23' title='bbox 611 526 690 587; x_wconf 87' lang='lat' dir='ltr'>erat.</span> <span class='ocrx_word' id='word_1_24' title='bbox 736 519 869 605; x_wconf 85' lang='lat' dir='ltr'>Semper</span> <span class='ocrx_word' id='word_1_25' title='bbox 897 526 1005 588; x_wconf 87' lang='lat' dir='ltr'>autem</span> <span class='ocrx_word' id='word_1_26' title='bbox 1033 523 1069 586; x_wconf 91' lang='lat' dir='ltr'>in</span> <span class='ocrx_word' id='word_1_27' title='bbox 1095 523 1158 587; x_wconf 91' lang='lat' dir='ltr'>fide</span> 
     </span>
     <span class='ocr_line' id='line_1_5' title="bbox 153 608 1158 695; baseline 0 -20"><span class='ocrx_word' id='word_1_28' title='bbox 153 610 229 694; x_wconf 91' lang='lat' dir='ltr'>quid</span> <span class='ocrx_word' id='word_1_29' title='bbox 248 611 396 694; x_wconf 84' lang='lat' dir='ltr'>senseris,</span> <span class='ocrx_word' id='word_1_30' title='bbox 414 632 480 675; x_wconf 93' lang='lat' dir='ltr'>non</span> <span class='ocrx_word' id='word_1_31' title='bbox 494 611 571 694; x_wconf 90' lang='lat' dir='ltr'>quid</span> <span class='ocrx_word' id='word_1_32' title='bbox 585 609 712 693; x_wconf 87' lang='lat' dir='ltr'>dixeris,</span> <span class='ocrx_word' id='word_1_33' title='bbox 731 608 949 695; x_wconf 87' lang='lat' dir='ltr'>cogitandum.</span> <span class='ocrx_word' id='word_1_34' title='bbox 980 610 1158 675; x_wconf 84' lang='lat' dir='ltr'>Maximum</span> 
     </span>
     <span class='ocr_line' id='line_1_6' title="bbox 150 697 1158 783; baseline 0.001 -21"><span class='ocrx_word' id='word_1_35' title='bbox 150 702 264 763; x_wconf 86' lang='lat' dir='ltr'>autem·</span> <span class='ocrx_word' id='word_1_36' title='bbox 285 700 466 783; x_wconf 86' lang='lat' dir='ltr'>exemplum</span> <span class='ocrx_word' id='word_1_37' title='bbox 489 702 539 762; x_wconf 88' lang='lat' dir='ltr'>est</span> <span class='ocrx_word' id='word_1_38' title='bbox 561 697 706 762; x_wconf 88' lang='lat' dir='ltr'>iustitiae</span> <span class='ocrx_word' id='word_1_39' title='bbox 728 697 764 762; x_wconf 89' lang='lat' dir='ltr'>in</span> <span class='ocrx_word' id='word_1_40' title='bbox 786 697 915 762; x_wconf 88' lang='lat' dir='ltr'>hostem</span> <span class='ocrx_word' id='word_1_41' title='bbox 938 721 958 762; x_wconf 91' lang='lat' dir='ltr'>a</span> <span class='ocrx_word' id='word_1_42' title='bbox 980 699 1158 764; x_wconf 84' lang='lat' dir='ltr'>maioribus</span> 
     </span>
     <span class='ocr_line' id='line_1_7' title="bbox 151 785 1160 871; baseline 0.001 -21"><span class='ocrx_word' id='word_1_43' title='bbox 151 787 272 851; x_wconf 87' lang='lat' dir='ltr'>nostris</span> <span class='ocrx_word' id='word_1_44' title='bbox 305 787 532 870; x_wconf 85' lang='lat' dir='ltr'>constitutum,</span> <span class='ocrx_word' id='word_1_45' title='bbox 565 807 637 850; x_wconf 90' lang='lat' dir='ltr'>oum</span> <span class='ocrx_word' id='word_1_46' title='bbox 667 808 687 850; x_wconf 88' lang='lat' dir='ltr'>a</span> <span class='ocrx_word' id='word_1_47' title='bbox 713 785 840 869; x_wconf 87' lang='lat' dir='ltr'>Pyrrho</span> <span class='ocrx_word' id='word_1_48' title='bbox 866 785 1005 871; x_wconf 87' lang='lat' dir='ltr'>perfuga</span> <span class='ocrx_word' id='word_1_49' title='bbox 1032 787 1160 851; x_wconf 89' lang='lat' dir='ltr'>senatui</span> 
     </span>
     <span class='ocr_line' id='line_1_8' title="bbox 151 874 1159 958; baseline 0.001 -20"><span class='ocrx_word' id='word_1_50' title='bbox 151 877 202 938; x_wconf 87' lang='lat' dir='ltr'>est</span> <span class='ocrx_word' id='word_1_51' title='bbox 229 874 395 958; x_wconf 90' lang='lat' dir='ltr'>pollicitus</span> <span class='ocrx_word' id='word_1_52' title='bbox 424 895 457 938; x_wconf 90' lang='lat' dir='ltr'>se</span> <span class='ocrx_word' id='word_1_53' title='bbox 484 895 643 938; x_wconf 89' lang='lat' dir='ltr'>venenum</span> <span class='ocrx_word' id='word_1_54' title='bbox 669 874 740 958; x_wconf 91' lang='lat' dir='ltr'>regi</span> <span class='ocrx_word' id='word_1_55' title='bbox 769 874 919 937; x_wconf 91' lang='lat' dir='ltr'>daturum</span> <span class='ocrx_word' id='word_1_56' title='bbox 948 878 980 938; x_wconf 91' lang='lat' dir='ltr'>et</span> <span class='ocrx_word' id='word_1_57' title='bbox 1008 896 1081 938; x_wconf 90' lang='lat' dir='ltr'>eum</span> <span class='ocrx_word' id='word_1_58' title='bbox 1106 897 1159 939; x_wconf 80' lang='grc'>116</span> 
     </span>
     <span class='ocr_line' id='line_1_9' title="bbox 153 958 1158 1046; baseline 0.002 -20"><span class='ocrx_word' id='word_1_59' title='bbox 153 965 313 1046; x_wconf 88' lang='lat' dir='ltr'>caturum,</span> <span class='ocrx_word' id='word_1_60' title='bbox 346 965 476 1026; x_wconf 90' lang='lat' dir='ltr'>senatus</span> <span class='ocrx_word' id='word_1_61' title='bbox 509 965 542 1025; x_wconf 92' lang='lat' dir='ltr'>et</span> <span class='ocrx_word' id='word_1_62' title='bbox 573 958 607 1025; x_wconf 84' lang='lat' dir='ltr'>O.</span> <span class='ocrx_word' id='word_1_63' title='bbox 636 960 804 1026; x_wconf 80' lang='lat' dir='ltr'>Fabricius</span> <span class='ocrx_word' id='word_1_64' title='bbox 835 961 1005 1045; x_wconf 83' lang='lat' dir='ltr'><strong>perfugam</strong></span> <span class='ocrx_word' id='word_1_65' title='bbox 1032 962 1158 1046; x_wconf 85' lang='lat' dir='ltr'>Pyrrho</span> 
     </span>
     <span class='ocr_line' id='line_1_10' title="bbox 153 1048 1158 1133; baseline 0.003 -21"><span class='ocrx_word' id='word_1_66' title='bbox 153 1048 283 1113; x_wconf 87' lang='lat' dir='ltr'>dedidit.</span> <span class='ocrx_word' id='word_1_67' title='bbox 327 1048 379 1113; x_wconf 87' lang='lat' dir='ltr'>Ita</span> <span class='ocrx_word' id='word_1_68' title='bbox 406 1071 446 1113; x_wconf 91' lang='lat' dir='ltr'>ne</span> <span class='ocrx_word' id='word_1_69' title='bbox 473 1048 578 1113; x_wconf 83' lang='lat' dir='ltr'>hostis</span> <span class='ocrx_word' id='word_1_70' title='bbox 605 1048 734 1131; x_wconf 90' lang='lat' dir='ltr'>quidem</span> <span class='ocrx_word' id='word_1_71' title='bbox 756 1053 789 1113; x_wconf 90' lang='grc'>61</span> <span class='ocrx_word' id='word_1_72' title='bbox 812 1049 955 1133; x_wconf 85' lang='lat' dir='ltr'>potentis</span> <span class='ocrx_word' id='word_1_73' title='bbox 980 1053 1012 1114; x_wconf 91' lang='lat' dir='ltr'>et</span> <span class='ocrx_word' id='word_1_74' title='bbox 1035 1051 1158 1116; x_wconf 87' lang='lat' dir='ltr'>bellum</span> 
     </span>
    </p>

    <p class='ocr_par' dir='ltr' id='par_1_5' title="bbox 29 1137 1159 2099">
     <span class='ocr_line' id='line_1_11' title="bbox 99 1137 1159 1221; baseline 0.005 -22"><span class='ocrx_word' id='word_1_75' title='bbox 99 1151 132 1199; x_wconf 87' lang='lat'>41</span> <span class='ocrx_word' id='word_1_76' title='bbox 152 1137 239 1201; x_wconf 91' lang='lat' dir='ltr'>ultro</span> <span class='ocrx_word' id='word_1_77' title='bbox 253 1137 421 1201; x_wconf 84' lang='lat' dir='ltr'>inferentis</span> <span class='ocrx_word' id='word_1_78' title='bbox 440 1137 608 1201; x_wconf 88' lang='lat' dir='ltr'>interitum</span> <span class='ocrx_word' id='word_1_79' title='bbox 626 1158 699 1201; x_wconf 91' lang='lat' dir='ltr'>cum</span> <span class='ocrx_word' id='word_1_80' title='bbox 718 1138 837 1201; x_wconf 89' lang='lat' dir='ltr'>scelere</span> <span class='ocrx_word' id='word_1_81' title='bbox 856 1137 1073 1221; x_wconf 81' lang='lat' dir='ltr'>approbavit]</span> <span class='ocrx_word' id='word_1_82' title='bbox 1110 1139 1159 1204; x_wconf 89' lang='lat' dir='ltr'>Ac</span> 
     </span>
     <span class='ocr_line' id='line_1_12' title="bbox 29 1224 1159 1307; baseline 0.004 -19"><span class='ocrx_word' id='word_1_83' title='bbox 29 1288 40 1295; x_wconf 69' lang='grc'>,</span> <span class='ocrx_word' id='word_1_84' title='bbox 154 1225 192 1288; x_wconf 93' lang='lat' dir='ltr'>de</span> <span class='ocrx_word' id='word_1_85' title='bbox 215 1224 341 1289; x_wconf 86' lang='lat' dir='ltr'>bellicis</span> <span class='ocrx_word' id='word_1_86' title='bbox 365 1224 492 1307; x_wconf 90' lang='lat' dir='ltr'>quidem</span> <span class='ocrx_word' id='word_1_87' title='bbox 516 1224 631 1289; x_wconf 84' lang='lat' dir='ltr'>officiis</span> <span class='ocrx_word' id='word_1_88' title='bbox 655 1224 735 1288; x_wconf 89' lang='lat' dir='ltr'>satis</span> <span class='ocrx_word' id='word_1_89' title='bbox 759 1224 962 1289; x_wconf 87' lang='lat' dir='ltr'>dictumest.</span> <span class='ocrx_word' id='word_1_90' title='bbox 1007 1225 1159 1292; x_wconf 89' lang='lat' dir='ltr'>Memine-</span> 
     </span>
     <span class='ocr_line' id='line_1_13' title="bbox 152 1312 1158 1380; baseline 0.004 -4"><span class='ocrx_word' id='word_1_91' title='bbox 152 1312 254 1376; x_wconf 88' lang='lat' dir='ltr'>rimus</span> <span class='ocrx_word' id='word_1_92' title='bbox 282 1316 390 1377; x_wconf 89' lang='lat' dir='ltr'>autem</span> <span class='ocrx_word' id='word_1_93' title='bbox 422 1313 520 1376; x_wconf 90' lang='lat' dir='ltr'>etiam</span> <span class='ocrx_word' id='word_1_94' title='bbox 552 1312 705 1377; x_wconf 86' lang='lat' dir='ltr'>adversus</span> <span class='ocrx_word' id='word_1_95' title='bbox 737 1312 865 1376; x_wconf 89' lang='lat' dir='ltr'>infimos</span> <span class='ocrx_word' id='word_1_96' title='bbox 896 1312 1057 1378; x_wconf 88' lang='lat' dir='ltr'>iustitiam</span> <span class='ocrx_word' id='word_1_97' title='bbox 1089 1337 1158 1380; x_wconf 88' lang='lat' dir='ltr'>esse</span> 
     </span>
     <span class='ocr_line' id='line_1_14' title="bbox 154 1399 1157 1467; baseline 0.003 -3"><span class='ocrx_word' id='word_1_98' title='bbox 154 1402 352 1466; x_wconf 83' lang='lat' dir='ltr'>servandam.</span> <span class='ocrx_word' id='word_1_99' title='bbox 388 1399 450 1464; x_wconf 78' lang='lat' dir='ltr'>Est</span> <span class='ocrx_word' id='word_1_100' title='bbox 469 1404 578 1465; x_wconf 90' lang='lat' dir='ltr'>autem</span> <span class='ocrx_word' id='word_1_101' title='bbox 595 1400 708 1464; x_wconf 93' lang='lat' dir='ltr'>infima</span> <span class='ocrx_word' id='word_1_102' title='bbox 726 1399 869 1464; x_wconf 88' lang='lat' dir='ltr'>condicio</span> <span class='ocrx_word' id='word_1_103' title='bbox 888 1404 921 1464; x_wconf 88' lang='lat' dir='ltr'>et</span> <span class='ocrx_word' id='word_1_104' title='bbox 939 1401 1071 1466; x_wconf 88' lang='lat' dir='ltr'>fortuna</span> <span class='ocrx_word' id='word_1_105' title='bbox 1095 1424 1157 1467; x_wconf 92' lang='lat' dir='ltr'>ser-</span> 
     </span>
     <span class='ocr_line' id='line_1_15' title="bbox 152 1487 1158 1572; baseline -0.001 -19"><span class='ocrx_word' id='word_1_106' title='bbox 152 1510 280 1572; x_wconf 85' lang='lat' dir='ltr'>vorum,</span> <span class='ocrx_word' id='word_1_107' title='bbox 312 1489 429 1572; x_wconf 92' lang='lat' dir='ltr'>quibus</span> <span class='ocrx_word' id='word_1_108' title='bbox 455 1511 522 1553; x_wconf 92' lang='lat' dir='ltr'>non</span> <span class='ocrx_word' id='word_1_109' title='bbox 548 1489 633 1553; x_wconf 90' lang='lat' dir='ltr'>male</span> <span class='ocrx_word' id='word_1_110' title='bbox 660 1487 861 1572; x_wconf 88' lang='lat' dir='ltr'>praecipiunt</span> <span class='ocrx_word' id='word_1_111' title='bbox 890 1488 945 1572; x_wconf 90' lang='lat' dir='ltr'>qui</span> <span class='ocrx_word' id='word_1_112' title='bbox 972 1489 1020 1553; x_wconf 88' lang='lat' dir='ltr'>ita</span> <span class='ocrx_word' id='word_1_113' title='bbox 1045 1491 1158 1554; x_wconf 89' lang='lat' dir='ltr'>iubent</span> 
     </span>
     <span class='ocr_line' id='line_1_16' title="bbox 152 1575 1157 1662; baseline -0.001 -21"><span class='ocrx_word' id='word_1_114' title='bbox 152 1576 209 1658; x_wconf 81' lang='lat' dir='ltr'>uti,</span> <span class='ocrx_word' id='word_1_115' title='bbox 233 1580 269 1640; x_wconf 89' lang='lat' dir='ltr'>ut</span> <span class='ocrx_word' id='word_1_116' title='bbox 292 1577 531 1641; x_wconf 78' lang='lat' dir='ltr'>mercennariis:</span> <span class='ocrx_word' id='word_1_117' title='bbox 561 1598 692 1661; x_wconf 83' lang='lat' dir='ltr'>operam</span> <span class='ocrx_word' id='word_1_118' title='bbox 720 1575 924 1660; x_wconf 84' lang='lat' dir='ltr'>exigendam,</span> <span class='ocrx_word' id='word_1_119' title='bbox 951 1577 1039 1640; x_wconf 87' lang='lat' dir='ltr'>iusta</span> <span class='ocrx_word' id='word_1_120' title='bbox 1065 1599 1157 1662; x_wconf 90' lang='lat' dir='ltr'>prae-</span> 
     </span>
     <span class='ocr_line' id='line_1_17' title="bbox 152 1663 1157 1745; baseline 0 -17"><span class='ocrx_word' id='word_1_121' title='bbox 152 1665 267 1729; x_wconf 87' lang='lat' dir='ltr'>benda.</span> <span class='ocrx_word' id='word_1_122' title='bbox 311 1663 393 1730; x_wconf 85' lang='lat' dir='ltr'>Oum</span> <span class='ocrx_word' id='word_1_123' title='bbox 417 1668 525 1728; x_wconf 89' lang='lat' dir='ltr'>autem</span> <span class='ocrx_word' id='word_1_124' title='bbox 549 1665 672 1728; x_wconf 90' lang='lat' dir='ltr'>duobus</span> <span class='ocrx_word' id='word_1_125' title='bbox 696 1664 813 1745; x_wconf 92' lang='lat' dir='ltr'>modis,</span> <span class='ocrx_word' id='word_1_126' title='bbox 836 1663 870 1727; x_wconf 92' lang='lat' dir='ltr'>id</span> <span class='ocrx_word' id='word_1_127' title='bbox 893 1666 942 1727; x_wconf 85' lang='lat' dir='ltr'>est</span> <span class='ocrx_word' id='word_1_128' title='bbox 965 1668 1022 1728; x_wconf 87' lang='lat' dir='ltr'>aut</span> <span class='ocrx_word' id='word_1_129' title='bbox 1045 1664 1077 1729; x_wconf 90' lang='lat' dir='ltr'>vi</span> <span class='ocrx_word' id='word_1_130' title='bbox 1101 1669 1157 1728; x_wconf 89' lang='lat' dir='ltr'>aut</span> 
     </span>
     <span class='ocr_line' id='line_1_18' title="bbox 151 1750 1157 1835; baseline 0 -19"><span class='ocrx_word' id='word_1_131' title='bbox 151 1752 273 1834; x_wconf 80' lang='lat' dir='ltr'>fraude,</span> <span class='ocrx_word' id='word_1_132' title='bbox 294 1753 353 1816; x_wconf 88' lang='lat' dir='ltr'>fiat</span> <span class='ocrx_word' id='word_1_133' title='bbox 375 1751 506 1834; x_wconf 86' lang='lat' dir='ltr'>iniuria,</span> <span class='ocrx_word' id='word_1_134' title='bbox 528 1750 618 1816; x_wconf 87' lang='lat' dir='ltr'>fraus</span> <span class='ocrx_word' id='word_1_135' title='bbox 643 1751 735 1835; x_wconf 89' lang='lat' dir='ltr'>quasi</span> <span class='ocrx_word' id='word_1_136' title='bbox 758 1751 959 1834; x_wconf 87' lang='lat' dir='ltr'>vulpeculae,</span> <span class='ocrx_word' id='word_1_137' title='bbox 982 1752 1031 1816; x_wconf 86' lang='lat' dir='ltr'>vis</span> <span class='ocrx_word' id='word_1_138' title='bbox 1054 1752 1157 1816; x_wconf 90' lang='lat' dir='ltr'>leonis</span> 
     </span>
     <span class='ocr_line' id='line_1_19' title="bbox 151 1838 1156 1923; baseline 0 -19"><span class='ocrx_word' id='word_1_139' title='bbox 151 1840 291 1922; x_wconf 81' lang='lat' dir='ltr'>videtur3</span> <span class='ocrx_word' id='word_1_140' title='bbox 309 1843 482 1923; x_wconf 89' lang='lat' dir='ltr'>utrumque</span> <span class='ocrx_word' id='word_1_141' title='bbox 496 1840 626 1903; x_wconf 89' lang='lat' dir='ltr'>homine</span> <span class='ocrx_word' id='word_1_142' title='bbox 645 1839 886 1922; x_wconf 88' lang='lat' dir='ltr'>alienissimum,</span> <span class='ocrx_word' id='word_1_143' title='bbox 905 1839 962 1903; x_wconf 91' lang='lat' dir='ltr'>sed</span> <span class='ocrx_word' id='word_1_144' title='bbox 973 1838 1063 1904; x_wconf 90' lang='lat' dir='ltr'>fraus</span> <span class='ocrx_word' id='word_1_145' title='bbox 1083 1839 1156 1904; x_wconf 92' lang='lat' dir='ltr'>odio</span> 
     </span>
     <span class='ocr_line' id='line_1_20' title="bbox 153 1926 1157 2012; baseline 0 -22"><span class='ocrx_word' id='word_1_146' title='bbox 153 1927 251 2012; x_wconf 87' lang='lat' dir='ltr'>digna</span> <span class='ocrx_word' id='word_1_147' title='bbox 265 1927 395 1991; x_wconf 89' lang='lat' dir='ltr'>maiore.</span> <span class='ocrx_word' id='word_1_148' title='bbox 427 1926 541 1991; x_wconf 83' lang='lat' dir='ltr'>Totius</span> <span class='ocrx_word' id='word_1_149' title='bbox 556 1930 663 1991; x_wconf 88' lang='lat' dir='ltr'>autem</span> <span class='ocrx_word' id='word_1_150' title='bbox 679 1926 858 1991; x_wconf 89' lang='lat' dir='ltr'>iniustitiae</span> <span class='ocrx_word' id='word_1_151' title='bbox 876 1927 968 1990; x_wconf 93' lang='lat' dir='ltr'>nulla</span> <span class='ocrx_word' id='word_1_152' title='bbox 986 1927 1157 2011; x_wconf 76' lang='lat' dir='ltr'>capitalior</span> 
     </span>
     <span class='ocr_line' id='line_1_21' title="bbox 153 2013 1156 2099; baseline 0 -21"><span class='ocrx_word' id='word_1_153' title='bbox 153 2037 251 2097; x_wconf 86' lang='lat' dir='ltr'>quam</span> <span class='ocrx_word' id='word_1_154' title='bbox 270 2036 390 2098; x_wconf 92' lang='lat' dir='ltr'>eorum,</span> <span class='ocrx_word' id='word_1_155' title='bbox 413 2014 564 2097; x_wconf 84' lang='lat' dir='ltr'>quitum,</span> <span class='ocrx_word' id='word_1_156' title='bbox 587 2036 659 2077; x_wconf 89' lang='lat' dir='ltr'>oum</span> <span class='ocrx_word' id='word_1_157' title='bbox 682 2014 821 2078; x_wconf 87' lang='lat' dir='ltr'>maxime</span> <span class='ocrx_word' id='word_1_158' title='bbox 839 2014 966 2096; x_wconf 89' lang='lat' dir='ltr'>fallunt,</span> <span class='ocrx_word' id='word_1_159' title='bbox 989 2013 1022 2078; x_wconf 93' lang='lat' dir='ltr'>id</span> <span class='ocrx_word' id='word_1_160' title='bbox 1046 2017 1156 2099; x_wconf 67' lang='lat' dir='ltr'>agimt,</span> 
     </span>
    </p>

    <p class='ocr_par' dir='ltr' id='par_1_6' title="bbox 153 2100 1155 2167">
     <span class='ocr_line' id='line_1_22' title="bbox 153 2100 1155 2167; baseline 0.002 -3"><span class='ocrx_word' id='word_1_161' title='bbox 153 2104 189 2165; x_wconf 95' lang='lat' dir='ltr'>ut</span> <span class='ocrx_word' id='word_1_162' title='bbox 212 2101 274 2165; x_wconf 91' lang='lat' dir='ltr'>viri</span> <span class='ocrx_word' id='word_1_163' title='bbox 295 2101 374 2165; x_wconf 90' lang='lat' dir='ltr'>boni</span> <span class='ocrx_word' id='word_1_164' title='bbox 397 2123 466 2165; x_wconf 87' lang='grc'><strong>6666</strong></span> <span class='ocrx_word' id='word_1_165' title='bbox 489 2100 666 2165; x_wconf 86' lang='lat' dir='ltr'>videantur.</span> <span class='ocrx_word' id='word_1_166' title='bbox 702 2102 751 2166; x_wconf 90' lang='lat' dir='ltr'>De</span> <span class='ocrx_word' id='word_1_167' title='bbox 774 2103 901 2167; x_wconf 89' lang='lat' dir='ltr'>iustitia</span> <span class='ocrx_word' id='word_1_168' title='bbox 923 2101 1003 2166; x_wconf 88' lang='lat' dir='ltr'>satis</span> <span class='ocrx_word' id='word_1_169' title='bbox 1027 2102 1155 2167; x_wconf 90' lang='lat' dir='ltr'>dictum.</span> 
     </span>
    </p>

    <p class='ocr_par' dir='ltr' id='par_1_7' title="bbox 58 2157 1159 3638">
     <span class='ocr_line' id='line_1_23' title="bbox 100 2157 1157 2282; baseline 0.002 -29"><span class='ocrx_word' id='word_1_170' title='bbox 100 2157 144 2282; x_wconf 48' lang='grc' dir='ltr'>ἐξ</span> <span class='ocrx_word' id='word_1_171' title='bbox 218 2188 391 2272; x_wconf 87' lang='lat' dir='ltr'>Deinceps,</span> <span class='ocrx_word' id='word_1_172' title='bbox 418 2193 455 2252; x_wconf 88' lang='lat' dir='ltr'>ut</span> <span class='ocrx_word' id='word_1_173' title='bbox 479 2192 548 2253; x_wconf 89' lang='lat' dir='ltr'>erat</span> <span class='ocrx_word' id='word_1_174' title='bbox 575 2189 792 2273; x_wconf 87' lang='lat' dir='ltr'>propositum,</span> <span class='ocrx_word' id='word_1_175' title='bbox 820 2189 858 2254; x_wconf 91' lang='lat' dir='ltr'>de</span> <span class='ocrx_word' id='word_1_176' title='bbox 885 2191 1097 2255; x_wconf 89' lang='lat' dir='ltr'>beneficentia</span> <span class='ocrx_word' id='word_1_177' title='bbox 1120 2212 1157 2255; x_wconf 91' lang='lat' dir='ltr'>ac</span> 
     </span>
     <span class='ocr_line' id='line_1_24' title="bbox 153 2276 1156 2360; baseline 0 -19"><span class='ocrx_word' id='word_1_178' title='bbox 153 2276 192 2341; x_wconf 88' lang='lat' dir='ltr'>dc</span> <span class='ocrx_word' id='word_1_179' title='bbox 214 2276 411 2340; x_wconf 72' lang='lat' dir='ltr'>liberalitate</span> <span class='ocrx_word' id='word_1_180' title='bbox 435 2276 573 2360; x_wconf 87' lang='lat' dir='ltr'>dicatur,</span> <span class='ocrx_word' id='word_1_181' title='bbox 603 2299 668 2360; x_wconf 89' lang='lat' dir='ltr'>qua</span> <span class='ocrx_word' id='word_1_182' title='bbox 691 2277 820 2360; x_wconf 89' lang='lat' dir='ltr'>quidem</span> <span class='ocrx_word' id='word_1_183' title='bbox 842 2276 926 2340; x_wconf 92' lang='lat' dir='ltr'>nihil</span> <span class='ocrx_word' id='word_1_184' title='bbox 950 2282 999 2341; x_wconf 88' lang='lat' dir='ltr'>est</span> <span class='ocrx_word' id='word_1_185' title='bbox 1021 2283 1156 2343; x_wconf 88' lang='lat' dir='ltr'>naturae</span> 
     </span>
     <span class='ocr_line' id='line_1_25' title="bbox 152 2363 1156 2448; baseline 0.001 -19"><span class='ocrx_word' id='word_1_186' title='bbox 152 2363 294 2429; x_wconf 90' lang='lat' dir='ltr'>hominis</span> <span class='ocrx_word' id='word_1_187' title='bbox 318 2365 602 2448; x_wconf 71' lang='lat' dir='ltr'>accommodatiuS,</span> <span class='ocrx_word' id='word_1_188' title='bbox 630 2366 685 2430; x_wconf 89' lang='lat' dir='ltr'>sed</span> <span class='ocrx_word' id='word_1_189' title='bbox 711 2365 812 2429; x_wconf 87' lang='lat' dir='ltr'>habet</span> <span class='ocrx_word' id='word_1_190' title='bbox 839 2366 960 2430; x_wconf 89' lang='lat' dir='ltr'>multas</span> <span class='ocrx_word' id='word_1_191' title='bbox 983 2367 1156 2431; x_wconf 85' lang='lat' dir='ltr'>cautiones.</span> 
     </span>
     <span class='ocr_line' id='line_1_26' title="bbox 152 2450 1155 2538; baseline 0.002 -22"><span class='ocrx_word' id='word_1_192' title='bbox 152 2450 333 2517; x_wconf 88' lang='lat' dir='ltr'>Videndum</span> <span class='ocrx_word' id='word_1_193' title='bbox 353 2455 402 2516; x_wconf 90' lang='lat' dir='ltr'>est</span> <span class='ocrx_word' id='word_1_194' title='bbox 422 2452 515 2535; x_wconf 90' lang='lat' dir='ltr'>enim,</span> <span class='ocrx_word' id='word_1_195' title='bbox 537 2453 678 2537; x_wconf 91' lang='lat' dir='ltr'>primum</span> <span class='ocrx_word' id='word_1_196' title='bbox 696 2475 737 2517; x_wconf 91' lang='lat' dir='ltr'>ne</span> <span class='ocrx_word' id='word_1_197' title='bbox 756 2452 843 2517; x_wconf 88' lang='lat' dir='ltr'>obsit</span> <span class='ocrx_word' id='word_1_198' title='bbox 861 2453 1046 2538; x_wconf 84' lang='lat' dir='ltr'>benignitas</span> <span class='ocrx_word' id='word_1_199' title='bbox 1065 2458 1097 2518; x_wconf 88' lang='lat' dir='ltr'>et</span> <span class='ocrx_word' id='word_1_200' title='bbox 1115 2455 1155 2518; x_wconf 89' lang='lat' dir='ltr'>iis</span> 
     </span>
     <span class='ocr_line' id='line_1_27' title="bbox 152 2540 1156 2626; baseline 0.001 -22"><span class='ocrx_word' id='word_1_201' title='bbox 152 2541 241 2625; x_wconf 90' lang='lat' dir='ltr'>ipsis,</span> <span class='ocrx_word' id='word_1_202' title='bbox 265 2540 381 2623; x_wconf 91' lang='lat' dir='ltr'>quibus</span> <span class='ocrx_word' id='word_1_203' title='bbox 403 2540 542 2626; x_wconf 82' lang='lat' dir='ltr'>benigne</span> <span class='ocrx_word' id='word_1_204' title='bbox 560 2541 723 2606; x_wconf 84' lang='lat' dir='ltr'>videbitur</span> <span class='ocrx_word' id='word_1_205' title='bbox 742 2541 821 2623; x_wconf 89' lang='lat' dir='ltr'>fieri,</span> <span class='ocrx_word' id='word_1_206' title='bbox 844 2544 877 2604; x_wconf 91' lang='grc'>61</span> <span class='ocrx_word' id='word_1_207' title='bbox 895 2541 1019 2624; x_wconf 87' lang='lat' dir='ltr'>ceteris,</span> <span class='ocrx_word' id='word_1_208' title='bbox 1043 2540 1156 2606; x_wconf 89' lang='lat' dir='ltr'>deiude</span> 
     </span>
     <span class='ocr_line' id='line_1_28' title="bbox 152 2628 1155 2714; baseline 0.001 -21"><span class='ocrx_word' id='word_1_209' title='bbox 152 2651 192 2693; x_wconf 92' lang='grc'>116</span> <span class='ocrx_word' id='word_1_210' title='bbox 215 2629 319 2693; x_wconf 90' lang='lat' dir='ltr'>maior</span> <span class='ocrx_word' id='word_1_211' title='bbox 341 2629 526 2714; x_wconf 83' lang='lat' dir='ltr'>benignitas</span> <span class='ocrx_word' id='word_1_212' title='bbox 550 2629 593 2692; x_wconf 87' lang='lat' dir='ltr'>sit</span> <span class='ocrx_word' id='word_1_213' title='bbox 617 2651 713 2712; x_wconf 89' lang='lat' dir='ltr'>quam</span> <span class='ocrx_word' id='word_1_214' title='bbox 734 2628 921 2711; x_wconf 81' lang='lat' dir='ltr'>facultates,</span> <span class='ocrx_word' id='word_1_215' title='bbox 943 2632 1013 2692; x_wconf 86' lang='lat' dir='ltr'>tum</span> <span class='ocrx_word' id='word_1_216' title='bbox 1036 2632 1073 2691; x_wconf 89' lang='lat' dir='ltr'>ut</span> <span class='ocrx_word' id='word_1_217' title='bbox 1095 2651 1155 2712; x_wconf 95' lang='lat' dir='ltr'>pro</span> 
     </span>
     <span class='ocr_line' id='line_1_29' title="bbox 153 2715 1157 2803; baseline 0 -23"><span class='ocrx_word' id='word_1_218' title='bbox 153 2717 312 2803; x_wconf 86' lang='lat' dir='ltr'>dignitate</span> <span class='ocrx_word' id='word_1_219' title='bbox 335 2717 447 2800; x_wconf 88' lang='lat' dir='ltr'>cuique</span> <span class='ocrx_word' id='word_1_220' title='bbox 470 2717 646 2800; x_wconf 72' lang='lat' dir='ltr'>tribuatur,</span> <span class='ocrx_word' id='word_1_221' title='bbox 673 2717 707 2781; x_wconf 94' lang='lat' dir='ltr'>id</span> <span class='ocrx_word' id='word_1_222' title='bbox 734 2716 819 2780; x_wconf 91' lang='lat' dir='ltr'>enim</span> <span class='ocrx_word' id='word_1_223' title='bbox 846 2718 896 2779; x_wconf 88' lang='grc'>661</span> <span class='ocrx_word' id='word_1_224' title='bbox 920 2715 1063 2780; x_wconf 89' lang='lat' dir='ltr'>iustitiae</span> <span class='ocrx_word' id='word_1_225' title='bbox 1085 2717 1157 2780; x_wconf 83' lang='lat' dir='ltr'>fun·</span> 
     </span>
     <span class='ocr_line' id='line_1_30' title="bbox 153 2803 1155 2888; baseline 0.001 -20"><span class='ocrx_word' id='word_1_226' title='bbox 153 2806 348 2888; x_wconf 78' lang='lat' dir='ltr'>dementum,</span> <span class='ocrx_word' id='word_1_227' title='bbox 368 2805 407 2869; x_wconf 91' lang='lat' dir='ltr'>ad</span> <span class='ocrx_word' id='word_1_228' title='bbox 427 2826 524 2888; x_wconf 89' lang='lat' dir='ltr'>quam</span> <span class='ocrx_word' id='word_1_229' title='bbox 542 2805 622 2869; x_wconf 90' lang='lat' dir='ltr'>haec</span> <span class='ocrx_word' id='word_1_230' title='bbox 639 2803 807 2868; x_wconf 88' lang='lat' dir='ltr'>referenda</span> <span class='ocrx_word' id='word_1_231' title='bbox 825 2807 900 2867; x_wconf 90' lang='lat' dir='ltr'>sunt</span> <span class='ocrx_word' id='word_1_232' title='bbox 919 2803 1035 2868; x_wconf 88' lang='lat' dir='ltr'>omnia.</span> <span class='ocrx_word' id='word_1_233' title='bbox 1069 2803 1155 2869; x_wconf 88' lang='lat' dir='ltr'>Nam</span> 
     </span>
     <span class='ocr_line' id='line_1_31' title="bbox 153 2891 1156 2978; baseline 0 -22"><span class='ocrx_word' id='word_1_234' title='bbox 153 2897 185 2956; x_wconf 93' lang='grc'>61</span> <span class='ocrx_word' id='word_1_235' title='bbox 208 2893 263 2975; x_wconf 88' lang='lat' dir='ltr'>qui</span> <span class='ocrx_word' id='word_1_236' title='bbox 287 2892 513 2977; x_wconf 88' lang='lat' dir='ltr'>gratificantur</span> <span class='ocrx_word' id='word_1_237' title='bbox 531 2892 679 2976; x_wconf 88' lang='lat' dir='ltr'>cuipiam,</span> <span class='ocrx_word' id='word_1_238' title='bbox 702 2891 788 2976; x_wconf 92' lang='lat' dir='ltr'>quod</span> <span class='ocrx_word' id='word_1_239' title='bbox 806 2891 893 2956; x_wconf 85' lang='lat' dir='ltr'>obsit</span> <span class='ocrx_word' id='word_1_240' title='bbox 911 2891 970 2976; x_wconf 86' lang='lat' dir='ltr'>illi,</span> <span class='ocrx_word' id='word_1_241' title='bbox 993 2892 1045 2957; x_wconf 90' lang='lat' dir='ltr'>cui</span> <span class='ocrx_word' id='word_1_242' title='bbox 1062 2893 1156 2978; x_wconf 91' lang='lat' dir='ltr'>prod-</span> 
     </span>
     <span class='ocr_line' id='line_1_32' title="bbox 152 2979 1155 3065; baseline 0.003 -23"><span class='ocrx_word' id='word_1_243' title='bbox 152 3001 222 3043; x_wconf 89' lang='lat' dir='ltr'>esse</span> <span class='ocrx_word' id='word_1_244' title='bbox 240 2979 325 3043; x_wconf 81' lang='grc'><strong>16116</strong></span> <span class='ocrx_word' id='word_1_245' title='bbox 344 2979 526 3064; x_wconf 87' lang='lat' dir='ltr'>videantur,</span> <span class='ocrx_word' id='word_1_246' title='bbox 549 3002 616 3044; x_wconf 92' lang='lat' dir='ltr'>non</span> <span class='ocrx_word' id='word_1_247' title='bbox 633 2979 767 3044; x_wconf 88' lang='lat' dir='ltr'>benefici</span> <span class='ocrx_word' id='word_1_248' title='bbox 785 3001 889 3062; x_wconf 90' lang='lat' dir='ltr'>neque</span> <span class='ocrx_word' id='word_1_249' title='bbox 912 2980 1077 3065; x_wconf 87' lang='lat' dir='ltr'>liberales,</span> <span class='ocrx_word' id='word_1_250' title='bbox 1101 2982 1155 3045; x_wconf 92' lang='lat' dir='ltr'>sed</span> 
     </span>
     <span class='ocr_line' id='line_1_33' title="bbox 152 3066 1156 3153; baseline 0.002 -23"><span class='ocrx_word' id='word_1_251' title='bbox 152 3066 326 3151; x_wconf 88' lang='lat' dir='ltr'>perniciosi</span> <span class='ocrx_word' id='word_1_252' title='bbox 344 3066 566 3131; x_wconf 88' lang='lat' dir='ltr'>adsentatores</span> <span class='ocrx_word' id='word_1_253' title='bbox 584 3066 746 3132; x_wconf 87' lang='lat' dir='ltr'>iudicandi</span> <span class='ocrx_word' id='word_1_254' title='bbox 764 3072 848 3153; x_wconf 86' lang='lat' dir='ltr'>sunt,</span> <span class='ocrx_word' id='word_1_255' title='bbox 872 3072 904 3132; x_wconf 90' lang='lat' dir='ltr'>et</span> <span class='ocrx_word' id='word_1_256' title='bbox 927 3069 983 3152; x_wconf 93' lang='lat' dir='ltr'>qui</span> <span class='ocrx_word' id='word_1_257' title='bbox 1006 3069 1079 3133; x_wconf 89' lang='lat' dir='ltr'>aliis</span> <span class='ocrx_word' id='word_1_258' title='bbox 1101 3090 1156 3132; x_wconf 93' lang='lat' dir='ltr'>no·</span> 
     </span>
     <span class='ocr_line' id='line_1_34' title="bbox 153 3153 1155 3239; baseline -0.001 -22"><span class='ocrx_word' id='word_1_259' title='bbox 153 3156 235 3235; x_wconf 88' lang='lat' dir='ltr'>cent,</span> <span class='ocrx_word' id='word_1_260' title='bbox 253 3157 290 3218; x_wconf 91' lang='lat' dir='ltr'>ut</span> <span class='ocrx_word' id='word_1_261' title='bbox 308 3153 343 3216; x_wconf 90' lang='lat' dir='ltr'>in</span> <span class='ocrx_word' id='word_1_262' title='bbox 361 3154 441 3218; x_wconf 87' lang='lat' dir='ltr'>alios</span> <span class='ocrx_word' id='word_1_263' title='bbox 456 3155 607 3219; x_wconf 90' lang='lat' dir='ltr'>liberales</span> <span class='ocrx_word' id='word_1_264' title='bbox 631 3156 706 3239; x_wconf 85' lang='lat' dir='ltr'>sint,</span> <span class='ocrx_word' id='word_1_265' title='bbox 724 3155 758 3218; x_wconf 92' lang='lat' dir='ltr'>iu</span> <span class='ocrx_word' id='word_1_266' title='bbox 773 3157 884 3221; x_wconf 88' lang='lat' dir='ltr'>eadem</span> <span class='ocrx_word' id='word_1_267' title='bbox 899 3160 974 3221; x_wconf 89' lang='lat' dir='ltr'>sunt</span> <span class='ocrx_word' id='word_1_268' title='bbox 987 3155 1155 3236; x_wconf 89' lang='lat' dir='ltr'>iniustitia,</span> 
     </span>
     <span class='ocr_line' id='line_1_35' title="bbox 100 3240 1156 3309; baseline 0.003 -7"><span class='ocrx_word' id='word_1_269' title='bbox 100 3244 189 3305; x_wconf 83' lang='grc'><strong>4361</strong></span> <span class='ocrx_word' id='word_1_270' title='bbox 222 3240 251 3304; x_wconf 93' lang='lat' dir='ltr'>si</span> <span class='ocrx_word' id='word_1_271' title='bbox 281 3241 316 3305; x_wconf 89' lang='lat' dir='ltr'>in</span> <span class='ocrx_word' id='word_1_272' title='bbox 348 3262 439 3305; x_wconf 90' lang='lat' dir='ltr'>suam</span> <span class='ocrx_word' id='word_1_273' title='bbox 466 3264 535 3306; x_wconf 88' lang='lat' dir='ltr'>rem</span> <span class='ocrx_word' id='word_1_274' title='bbox 563 3243 670 3308; x_wconf 87' lang='lat' dir='ltr'>aliena</span> <span class='ocrx_word' id='word_1_275' title='bbox 696 3247 894 3309; x_wconf 89' lang='lat' dir='ltr'>convertant.</span> <span class='ocrx_word' id='word_1_276' title='bbox 939 3241 1020 3308; x_wconf 82' lang='lat' dir='ltr'>Sunt</span> <span class='ocrx_word' id='word_1_277' title='bbox 1047 3244 1156 3306; x_wconf 87' lang='lat' dir='ltr'>autem</span> 
     </span>
     <span class='ocr_line' id='line_1_36' title="bbox 152 3328 1156 3417; baseline 0 -24"><span class='ocrx_word' id='word_1_278' title='bbox 152 3328 257 3412; x_wconf 89' lang='lat' dir='ltr'>multi,</span> <span class='ocrx_word' id='word_1_279' title='bbox 281 3332 313 3393; x_wconf 89' lang='grc'>61</span> <span class='ocrx_word' id='word_1_280' title='bbox 337 3328 464 3413; x_wconf 85' lang='lat' dir='ltr'>quidem</span> <span class='ocrx_word' id='word_1_281' title='bbox 488 3330 595 3414; x_wconf 92' lang='lat' dir='ltr'>cupidi</span> <span class='ocrx_word' id='word_1_282' title='bbox 618 3331 798 3415; x_wconf 88' lang='lat' dir='ltr'>splendoris</span> <span class='ocrx_word' id='word_1_283' title='bbox 817 3335 850 3396; x_wconf 91' lang='grc'>61</span> <span class='ocrx_word' id='word_1_284' title='bbox 869 3331 1000 3417; x_wconf 88' lang='lat' dir='ltr'>gloriae,</span> <span class='ocrx_word' id='word_1_285' title='bbox 1024 3330 1079 3413; x_wconf 89' lang='lat' dir='ltr'>qui</span> <span class='ocrx_word' id='word_1_286' title='bbox 1098 3330 1156 3393; x_wconf 89' lang='lat' dir='ltr'>eri-</span> 
     </span>
     <span class='ocr_line' id='line_1_37' title="bbox 152 3416 1157 3505; baseline 0.004 -26"><span class='ocrx_word' id='word_1_287' title='bbox 152 3416 247 3501; x_wconf 86' lang='lat' dir='ltr'>piunt</span> <span class='ocrx_word' id='word_1_288' title='bbox 270 3417 352 3500; x_wconf 91' lang='lat' dir='ltr'>aliis,</span> <span class='ocrx_word' id='word_1_289' title='bbox 376 3417 461 3501; x_wconf 89' lang='lat' dir='ltr'>quod</span> <span class='ocrx_word' id='word_1_290' title='bbox 484 3419 556 3483; x_wconf 89' lang='lat' dir='ltr'>aliis</span> <span class='ocrx_word' id='word_1_291' title='bbox 581 3420 771 3505; x_wconf 86' lang='lat' dir='ltr'>largiantur,</span> <span class='ocrx_word' id='word_1_292' title='bbox 793 3419 879 3503; x_wconf 88' lang='lat' dir='ltr'>iique</span> <span class='ocrx_word' id='word_1_293' title='bbox 902 3418 1103 3483; x_wconf 88' lang='lat' dir='ltr'>arbitrantur</span> <span class='ocrx_word' id='word_1_294' title='bbox 1122 3441 1157 3483; x_wconf 89' lang='lat' dir='ltr'>se</span> 
     </span>
     <span class='ocr_line' id='line_1_38' title="bbox 58 3505 1159 3638; baseline 0.005 -70"><span class='ocrx_word' id='word_1_295' title='bbox 58 3538 93 3638; x_wconf 63' lang='grc' dir='ltr'>Ι</span> <span class='ocrx_word' id='word_1_296' title='bbox 152 3505 312 3571; x_wconf 89' lang='lat' dir='ltr'>beneficos</span> <span class='ocrx_word' id='word_1_297' title='bbox 334 3505 369 3570; x_wconf 91' lang='lat' dir='ltr'>in</span> <span class='ocrx_word' id='word_1_298' title='bbox 392 3526 467 3570; x_wconf 88' lang='lat' dir='ltr'>suos</span> <span class='ocrx_word' id='word_1_299' title='bbox 491 3506 611 3572; x_wconf 88' lang='lat' dir='ltr'>amicos</span> <span class='ocrx_word' id='word_1_300' title='bbox 634 3508 740 3572; x_wconf 85' lang='lat' dir='ltr'>visum</span> <span class='ocrx_word' id='word_1_301' title='bbox 762 3507 812 3593; x_wconf 89' lang='lat' dir='ltr'>iri,</span> <span class='ocrx_word' id='word_1_302' title='bbox 835 3506 864 3572; x_wconf 92' lang='lat' dir='ltr'>si</span> <span class='ocrx_word' id='word_1_303' title='bbox 880 3505 1080 3592; x_wconf 88' lang='lat' dir='ltr'>locupletent</span> <span class='ocrx_word' id='word_1_304' title='bbox 1102 3530 1159 3573; x_wconf 89' lang='grc'>666</span> 
     </span>
    </p>
   </div>
   <div class='ocr_carea' id='block_1_4' title="bbox 0 0 1242 3848">
    <p class='ocr_par' dir='ltr' id='par_1_8' title="bbox 0 0 1242 3848">
     <span class='ocr_line' id='line_1_39' title="bbox 0 0 1242 3848; baseline 0 0"><span class='ocrx_word' id='word_1_305' title='bbox 0 0 1242 3848; x_wconf 95' lang='lat' dir='ltr'> </span> 
     </span>
    </p>
   </div>
  </div>
 </body>
</html>
