2476 3848
472 172 713 237 —235-

89 335 202 404 inutili
220 336 261 402 ad
279 337 468 422 sapientem,
485 338 619 421 bonum,
636 338 756 404 fortem
774 339 880 403 virum
898 338 1094 403 transferan-

88 428 146 489 tur
163 446 215 489 res
233 424 276 489 ad
292 426 465 490 vivendum
481 427 696 503 necessariae,
714 426 816 510 quisi
834 426 995 509 occiderit,
1014 427 1095 490 mul-

90 516 162 577 tum
189 512 228 577 de
255 514 418 577 communi
445 514 589 578 utilitate
611 513 800 598 detraxerit,
833 514 929 578 modo
956 513 1018 578 hoo
1046 513 1095 576 ita

88 599 204 683 faciat,
226 602 264 663 nt
285 622 326 664 ne
347 601 417 684 ipse
440 601 479 665 de
498 623 532 665 se
555 602 637 666 bene
655 601 844 665 existimans
868 622 1001 684 seseque
1024 600 1094 664 dili-

92 709 172 774 gens
199 688 285 751 hanc
312 709 443 753 cansam
470 688 592 754 habeat
618 689 659 753 ad
684 689 844 754 iniuriam.
889 687 942 752 Ita
969 709 1095 772 semper

90 775 200 840 officio
231 774 387 860 fungetur
417 776 557 840 utilitati
589 777 760 841 consulens
791 776 961 841 hominum
992 779 1025 840 et
1056 776 1094 858 ei,

90 885 191 947 qnam
222 885 318 946 saepe
345 885 576 947 commemoro,
606 864 766 929 humanae
797 865 955 930 societati.
1008 862 1147 929 Nemea

92 950 179 1035 qnod
194 949 234 1014 ad
246 949 415 1014 Phalarim
428 952 560 1030 attinet,
573 951 727 1036 perfacile
740 952 894 1017 indicium
907 954 966 1016 est.
993 950 1096 1016 Nulla

90 1040 143 1102 est
162 1037 248 1102 enim
266 1038 404 1103 sociatas
423 1039 517 1104 nobis
536 1062 609 1104 cnm
623 1041 785 1125 tyrannis,
799 1045 831 1104 et
844 1041 954 1124 potius
969 1061 1096 1105 summa

90 1125 261 1190 distractio
281 1130 346 1204 est,
363 1148 467 1209 neque
485 1131 536 1191 est
553 1132 667 1192 contra
683 1132 835 1193 naturam
854 1129 995 1213 spoliare
1014 1150 1096 1210 eum,

91 1213 123 1278 si
143 1213 263 1298 possis,
286 1234 381 1296 quem
404 1217 455 1278 est
471 1215 643 1279 honestum
660 1238 787 1293 necare,
806 1219 903 1298 atqua
920 1216 983 1281 hoc
1001 1236 1096 1281 omne

91 1322 195 1387 genus
217 1301 407 1385 pestiferum
430 1305 528 1386 atque
548 1303 685 1386 impium
708 1325 747 1366 ex
769 1303 938 1367 hominum
956 1325 1095 1368 commu-

91 1389 196 1453 nitate
219 1389 497 1454 exterminandum
519 1393 578 1454 est.
614 1389 754 1473 Etenim,
777 1394 814 1454 ut
837 1391 983 1454 membra
1001 1412 1095 1472 quae

90 1477 168 1541 dam
200 1480 419 1561 amputantur,
451 1478 479 1541 si
511 1481 544 1542 et
575 1477 648 1561 ipsa
680 1478 835 1562 sanguine
867 1480 900 1540 at
926 1482 1095 1560 tamquam

93 1564 213 1648 spiritu
239 1585 347 1629 carere
370 1569 544 1648 coeperunt
576 1570 609 1628 et
639 1568 757 1629 nocent
783 1564 917 1646 reliquis
946 1565 1095 1648 partibus

93 1651 251 1736 corporis,
274 1652 320 1717 sic
342 1652 409 1716 ista
430 1653 465 1717 in
486 1654 593 1738 figura
614 1652 755 1716 hominis
772 1652 886 1715 feritas
910 1654 942 1714 et
959 1651 1095 1714 inmani-

92 1743 145 1804 tas
167 1740 282 1803 beluae
305 1762 325 1804 a
348 1741 509 1804 communi
535 1745 702 1824 tamquam
724 1739 938 1804 humanitatis
962 1760 1095 1823 corpore

94 1827 295 1913 segreganda
318 1831 376 1892 est.
419 1826 525 1893 Huius
554 1829 680 1915 generis
704 1828 908 1912 quaestiones
931 1830 1007 1890 sunt
1030 1848 1096 1891 om·

92 1936 150 1980 nes
174 1936 243 1998 eae,
264 1915 301 1979 in
323 1916 439 1998 quibus
462 1938 502 1980 ex
523 1920 669 2001 tempore
693 1916 836 1981 officium
858 1915 1045 1999 exquiritur.

159 2000 240 2066 Ilius
267 2003 356 2067 modi
381 2003 484 2088 igitur
506 2005 600 2069 credo
627 2026 678 2069 res
700 2004 892 2070 Panaetium
914 2005 1096 2088 persecutu·
1115 1981 1148 2108 {3

92 2112 167 2155 rum
187 2089 303 2173 fuisse,
330 2090 394 2154 nisi
417 2092 518 2175 aliqui
545 2115 638 2158 casus
662 2097 718 2157 aut
741 2092 909 2177 occupatio
934 2091 1001 2156 eius
1024 2112 1096 2156 con-

94 2177 203 2242 silium
226 2179 427 2262 peremisset.
466 2179 519 2243 Ad
542 2202 622 2262 quas
651 2180 739 2265 ipsas
768 2180 1021 2246 consultationes
1046 2201 1096 2243 su·

92 2265 274 2350 parionibus
294 2266 387 2330 libris
406 2267 485 2331 satis
504 2268 609 2331 multa
626 2273 799 2353 praecepta
818 2272 902 2352 sunt,
923 2290 962 2332 ex
981 2267 1096 2351 quibus

93 2353 234 2438 perspici
257 2355 374 2439 possit,
398 2355 474 2438 quid
497 2355 541 2419 sit
562 2359 696 2439 propter
718 2356 952 2440 turpitudinem
974 2354 1098 2439 fugien-

95 2441 184 2524 dum,
208 2442 285 2525 quid
308 2443 364 2526 sit,
387 2443 473 2526 quod
494 2442 612 2507 idcirco
635 2442 824 2527 fugiendum
846 2465 912 2507 non
931 2442 988 2525 sit,
1012 2440 1098 2524 quod

94 2528 225 2593 omnino
248 2533 343 2613 turpe
369 2551 435 2594 non
462 2529 514 2595 sit.
559 2527 621 2593 Sed
644 2530 796 2614 quoniam
824 2529 914 2613 operi
934 2528 1097 2610 inchoato,

93 2637 195 2700 prope
218 2619 329 2681 tamen
347 2617 498 2682 absoluto
520 2619 689 2701 tamquam
710 2617 881 2702 fastigium
903 2614 1097 2700 inponimus,

93 2707 133 2768 ut
156 2708 340 2790 geometrae
364 2706 470 2770 solent
491 2727 558 2769 non
576 2705 685 2770 omnia
704 2704 828 2783 docere,
848 2703 904 2768 sed
921 2702 1098 2788 postulare,

93 2795 133 2856 ut
156 2793 313 2875 quaedam
340 2793 404 2857 sibi
431 2793 654 2877 concedantur,
682 2814 745 2876 quo
767 2792 908 2876 facilius,
936 2810 1018 2874 quae
1044 2811 1098 2854 vo·

93 2879 181 2964 lunt,
209 2880 382 2965 explicent,
411 2881 457 2945 sic
484 2903 544 2966 ego
573 2903 592 2946 a
618 2884 651 2944 te
673 2881 818 2964 postulo,
841 2879 887 2944 mi
909 2877 1034 2962 Cicero,
1061 2879 1099 2941 ut

94 2967 176 3032 mihi
203 2969 371 3051 concedas,
398 2968 427 3031 si
453 2972 560 3053 potes,
587 2968 670 3032 nihil
696 2971 825 3053 praeter
847 2967 892 3051 id,
926 2965 1011 3050 quod
1041 2966 1099 3031 ho·

93 3059 224 3120 nestum
247 3056 304 3139 sit,
326 3059 460 3140 propter
479 3077 514 3120 se
532 3078 602 3120 esse
622 3056 841 3140 expetendum.
878 3053 936 3119 Sin
953 3054 1015 3118 hoc
1032 3075 1100 3119 non

93 3143 171 3208 licet
198 3166 256 3229 per
283 3143 487 3229 Cratippum,
515 3147 550 3208 at
576 3143 658 3208 illud
685 3147 771 3208 certe
797 3143 902 3222 dabis,
931 3142 1016 3226 quod
1042 3142 1099 3208 ho·

93 3235 224 3297 nestum
251 3231 307 3311 sit,
334 3231 368 3295 id
395 3253 465 3297 esse
492 3253 640 3297 maxume
662 3235 797 3317 propter
820 3253 854 3297 se
877 3230 1098 3315 expetendum.

93 3317 177 3384 Mihi
203 3319 363 3384 utrumvis
391 3319 472 3384 satis
500 3323 550 3384 est
579 3322 612 3385 et
639 3322 710 3385 tum
732 3321 807 3405 hoc,
830 3323 901 3385 tum
921 3318 1005 3382 illud
1027 3340 1099 3404 pro-

94 3407 236 3473 babilius
267 3407 396 3473 videtur
424 3428 485 3472 nec
516 3411 684 3493 praeterea
717 3408 893 3494 quicquam
920 3405 1112 3492 protende.

93 3493 143 3559 Ac
164 3495 307 3578 primum
333 3495 369 3561 in
394 3494 458 3572 hoc
480 3494 661 3567 Panaetius
690 3497 922 3568 detendendae
949 3496 1024 3570 est,
1041 3486 1141 3570 quoe
1151 3496 1199 3541 λδ·
