2476 3848
91 344 126 392 30

90 2837 125 2884 81

525 165 765 230 -406-

145 330 237 407 Quod
265 334 373 395 autem
396 329 539 394 Theseus
563 351 582 392 a
609 328 704 392 docto
728 349 762 392 se
786 326 912 390 audisse
936 325 1027 410 dieit,
1053 325 1088 390 id
1117 327 1161 392 de

144 441 179 484 se
215 418 286 502 ipso
321 417 463 501 loquitur
498 415 678 500 Euripides.
736 413 855 479 Fuerat
897 415 983 478 enim
1024 414 1161 480 auditor

144 506 371 591 Anaxagorae,
393 526 488 589 quem
511 503 619 568 ferunt
640 503 791 566 nuntiata
811 505 914 566 morte
937 501 998 566 filii
1020 501 1160 568 dixisse:

145 592 337 659 ‘Sciebam
360 615 418 657 me
441 592 619 678 genuisse
642 588 865 655 mortalem?
907 589 996 666 Quae
1014 611 1078 655 vox
1103 591 1160 654 de·

145 682 248 746 clarat
273 681 315 745 iis
339 702 408 745 esse
433 680 515 745 haee
538 680 667 761 acerba,
697 678 811 762 quibus
834 699 901 744 non
922 677 1044 742 fuerint
1066 679 1159 764 eogi-

145 774 224 834 tata.
259 769 348 854 Ergo
370 768 403 832 id
426 768 554 852 quidem
573 788 639 833 non
660 766 807 850 dubium,
830 766 908 850 quin
926 765 1049 850 omnia,
1073 787 1160 850 quae

145 857 232 922 mala
253 860 419 940 putentur,
442 855 507 920 sint
529 855 693 938 inprovisa
711 853 871 938 graviora.
905 852 1022 938 Itaque
1043 876 1159 938 quam·

145 967 243 1029 quam
260 966 327 1009 non
348 944 428 1008 haee
446 965 510 1007 una
528 964 579 1006 res
599 941 699 1006 efficit
717 943 890 1006 maximam
909 941 1159 1028 aegritudinem,

145 1035 268 1116 tamen,
302 1031 455 1114 quoniam
487 1030 624 1094 multum
660 1034 770 1114 potest
805 1029 947 1114 provisio
985 1030 1087 1095 animi
1124 1035 1161 1097 et

145 1118 353 1203 praeparatio
395 1119 435 1182 ad
475 1117 682 1183 minuendum
723 1118 880 1201 dolorem,
922 1117 988 1182 sint
1028 1139 1159 1203 semper

147 1208 256 1273 omnia
282 1206 407 1270 homini
433 1206 575 1270 humana
601 1206 765 1271 meditata.
818 1205 863 1270 Et
889 1205 1043 1271 nimirum
1074 1206 1158 1272 haee

146 1299 197 1359 est
227 1295 286 1359 illa
313 1297 483 1378 praestans
516 1296 548 1358 et
579 1293 688 1359 diuina
720 1293 891 1377 sapientia,
923 1295 956 1357 et
985 1297 1158 1378 perceptas

145 1383 275 1467 penitus
308 1385 341 1447 et
371 1384 587 1465 pertractatas
619 1403 670 1446 res
705 1382 864 1446 humanas
900 1380 1036 1465 hahere,
1071 1382 1157 1448 nihil

146 1470 310 1553 admirari,
342 1492 415 1535 eum
447 1469 611 1547 acciderit,
641 1468 738 1552 nihil,
769 1474 842 1534 ante
874 1492 971 1554 quam
1003 1471 1158 1554 evenerit,

145 1581 213 1624 non
235 1558 362 1623 evenire
385 1580 481 1641 posse
504 1558 663 1624 arbitrari.

191 1681 308 1757 Quam
332 1681 377 1745 ob
401 1702 478 1744 rem
502 1681 637 1764 omnis,
665 1702 744 1745 eum
770 1680 958 1745 secundae
980 1701 1041 1744 res
1064 1684 1159 1745 sunt·

590 1770 773 1853 maxume,
795 1772 873 1833 tum
897 1769 1066 1832 ma‘xume

190 1856 375 1921 Meditari
395 1876 518 1919 seeum
537 1857 705 1939 opertet,
728 1878 799 1941 quo
818 1859 932 1941 paeto
956 1855 1155 1922 adversam

296 2020 298 2024 Α
686 1946 904 2009 aerumnam
927 1943 1065 2008 ferant.

189 2029 353 2112 Pericle,
371 2029 506 2092 damna
522 2031 682 2114 peregre
701 2032 853 2096 rediens
868 2033 1015 2115 semper
1028 2053 1157 2097 seeum

915 2119 1067 2204 cogitet

189 2203 267 2267 Aut
301 2201 364 2266 fili
399 2208 599 2286 peceatum
631 2210 696 2269 aut
727 2209 860 2271 uxoris
895 2210 1055 2272 mdrtem
1088 2213 1157 2273 aut

747 2295 918 2359 morbum
940 2294 1065 2379 filiae,

190 2377 412 2445 Oommdnia
431 2401 513 2443 esse
531 2379 636 2464 haee,
655 2383 704 2445 ne'
717 2382 806 2466 quid
824 2381 959 2446 horum
977 2404 1158 2467 umquam

591 2468 744 2533 decidat
766 2470 890 2534 animo
914 2491 1064 2553 novum3

191 2552 378 2638 Quicquid
401 2560 556 2639 praeter
579 2579 682 2638 spem
706 2557 871 2640 eveniat,
901 2579 1008 2621 omne
1030 2558 1068 2622 id
1091 2558 1156 2623 de-

621 2647 757 2728 putare
781 2666 863 2709 esse
886 2642 927 2708 1‘n
949 2645 1065 2710 luero.

92 2761 136 2824 15
210 2782 300 2867 Ergo
327 2782 389 2848 hoe
415 2783 584 2848 Terentius
613 2805 632 2846 a
660 2782 869 2867 philosophia
892 2787 1057 2868 sumptum
1080 2807 1155 2852 aum

144 2873 212 2935 tarn
244 2871 411 2936 commode
443 2864 572 2954 dixerit,
603 2892 676 2948 noe,
713 2892 730 2934 e
767 2892 902 2955 quorum
937 2872 1082 2938 fontibus
1120 2875 1156 2939 id

143 2957 296 3023 haustum
328 2962 392 3041 est,
424 2980 489 3024 non
522 2962 554 3022 et
589 2957 729 3023 dicemus
765 2956 827 3023 hoe
863 2959 979 3025 melius
1015 2963 1048 3024 et
1079 2983 1155 3026 eon-

144 3045 283 3109 stantius
307 3045 500 3110 sentiemus?
548 3044 610 3110 Hie
633 3050 683 3111 est
706 3045 791 3110 enim
815 3046 871 3112 ille
894 3048 1001 3113 voltus
1025 3070 1155 3133 semper

143 3130 238 3213 idem,
257 3154 353 3214 quem
372 3133 488 3197 dieitur
503 3132 691 3218 Xanthippe
711 3133 895 3217 praedicare
914 3135 1012 3201 solite
1029 3136 1155 3205 inviro

143 3239 202 3283 suo
221 3218 321 3284 fuisse
340 3218 513 3304 [Socrate],
533 3220 644 3285 eodem
662 3231 789 3305 semper
802 3243 837 3286 se
850 3222 970 3288 vidisse
985 3227 1156 3290 exeuntem

143 3304 235 3368 illum
262 3305 358 3371 domo
386 3311 419 3372 et
441 3311 663 3374 revertentem.
707 3307 776 3374 Nee
799 3332 875 3375 vero
902 3332 941 3376 ea
962 3310 1051 3377 frons
1075 3317 1157 3397 erat,

142 3412 224 3475 quae
248 3391 291 3458 M.
314 3391 422 3458 Crassi
444 3396 530 3461 illius
553 3397 683 3480 veteris,
706 3417 801 3479 quem
820 3399 921 3463 semel
945 3397 992 3463 ait
1011 3398 1046 3464 in
1064 3401 1157 3466 omni

108 3484 116 3555 i
139 3479 210 3544 *rita
229 3481 339 3547 risisse
358 3481 513 3567 Lucilius,
532 3483 587 3549 sed
605 3483 783 3569 tranquilla
803 3488 838 3550 et
855 3505 980 3571 serena;
1003 3484 1051 3551 sie
1068 3487 1158 3554 enim
