2476 3848
527 173 768 237 -220-

25 375 29 380 ψ
146 334 278 396 externa
300 335 373 395 eum
396 329 537 394 externis
560 326 741 412 comparari
758 327 873 393 solent
907 324 990 392 Cum
1009 326 1152 392 externis

146 418 289 502 eorporis
307 418 369 483 hoe
387 417 483 482 modo
502 419 738 501 comparantur,
755 415 919 480 valerent
938 413 1033 479 malis
1053 437 1152 499 quam

146 506 235 571 dives
263 527 346 589 essa,
379 508 465 586 [eum
492 505 636 589 eorporis
664 508 796 569 externa
827 503 890 568 hee
919 503 1028 587 modo,
1060 502 1152 567 dives

146 615 216 659 esse
250 594 360 678 potius
392 615 489 677 quam
523 592 682 657 maxumis
713 591 858 676 eorporis
889 591 1046 674 riribua,]
1078 591 1153 675 ipsa

145 683 231 746 iuter
254 703 288 746 ae
310 681 455 766 corporis
474 681 529 764 sic,
553 684 589 745 ut
606 681 692 744 bona
710 679 862 744 valetudo
880 679 1044 762 voluptati
1062 683 1152 743 ante·

145 772 295 854 ponatur,
317 770 402 835 vires
425 768 594 851 celeritati,
617 772 822 832 externorum
845 771 963 845 autem,
985 770 1022 830 ut
1044 767 1153 852 gloria

93 874 127 924 89
148 857 285 940 divitiis,
315 857 492 942 veetigalia
522 857 646 921 urbana
676 855 815 920 rusticis.
859 856 910 919 Ex
942 875 1005 938 quo
1033 876 1152 940 genere

147 945 397 1030 comparationis
410 944 491 1008 illud
505 947 555 1008 aet
569 942 702 1009 (latonia
722 943 820 1007 aenis:
844 965 864 1006 a
882 964 945 1026 quo
964 964 1038 1007 eum
1055 963 1152 1026 quae·

146 1036 280 1114 reretur‚
299 1032 376 1116 quid
393 1053 541 1096 maxume
560 1031 594 1097 in
612 1053 647 1096 re
659 1029 815 1095 familiari
829 1030 1002 1114 expediret,
1019 1051 1151 1113 respon·

147 1120 207 1185 dit:
236 1119 352 1184 ‘Bane
379 1118 567 1203 peeaere'3
593 1119 671 1203 quid
693 1118 878 1184 seeundum:
907 1115 1027 1183 ‘Satis
1054 1118 1152 1183 bene

146 1207 435 1360 attila&
452 1207 604 1360 llll}
621 1203 1040 1378 ‘lllqtllttittd
1055 1228 1153 1358 tt}

147 1388 209 1448 set:
229 1382 340 1458 ‘Quid
358 1345 600 1462 faeirerarivlss
614 1385 685 1446 tum
698 1344 795 1448 liuto:
810 1381 922 1457 ‘Quid
939 1343 1152 1466 honiinem’,

146 1473 267 1555 inquit,
289 1471 516 1537 ‘oeciderel'
552 1471 602 1536 Ex
626 1492 689 1555 quo
713 1474 746 1535 et
769 1469 881 1534 multis
905 1469 979 1534 aliia
1001 1469 1152 1556 intellegi

146 1560 242 1625 debet
264 1560 446 1625 utilitatum
468 1559 727 1644 comparationes
753 1557 825 1622 fieri
851 1557 969 1641 solere,
1001 1561 1152 1640 reeteque

145 1648 208 1714 hoe
240 1647 427 1714 adiunctum
459 1669 529 1712 esse
557 1650 708 1730 quartum
736 1645 1004 1730 exquirendorum
1031 1645 1152 1712 officio·

145 1758 218 1801 rum
242 1757 353 1823 genua.
397 1735 534 1820 Reliqua
558 1734 707 1819 deinceps
729 1755 966 1820 persequemur.
