2476 3848
475 162 712 227 ..501-

157 317 263 384 Sentit
273 320 490 385 domusunius
499 320 994 403 cuiusque,sentitforum,sentit
1002 318 1091 385 curia

91 425 234 486 campus,
256 403 344 487 socii,
366 404 559 488 provinciae,
580 405 627 486 ut,
645 424 740 486 quem
758 403 799 467 ad
816 403 947 489 modum
964 403 1090 468 ratione

91 495 178 556 recte
199 491 267 574 fiat,
290 491 337 556 sic
354 491 479 556 ratione
496 495 654 576 peccetur,
677 491 876 574 alterumque
895 494 929 554 et
946 513 967 555 a
979 491 1090 574 paucis

92 583 125 642 et
153 599 241 662 raro,
273 579 412 644 alterum
439 583 473 644 et
502 601 597 664 saepe
624 582 657 643 et
684 600 704 642 a
729 578 892 662 plurimis,
922 580 961 642 ut
988 578 1090 643 satius

91 666 190 730 fuerit
211 667 337 731 nullam
360 667 489 732 omnino
512 667 607 732 nobis
630 689 650 730 a
668 666 716 730 dis
734 666 961 731 inmortalibus
981 667 1091 730 datam

92 775 163 818 esse
190 754 350 819 rationem
377 777 475 839 quam
501 758 595 820 tanta
621 777 693 820 curn
719 753 859 839 pernicie
882 754 1000 818 datam.
1043 752 1091 818 Ut

91 842 203 906 vinum
229 843 386 928 aegrotis,
413 843 489 926 quia
510 843 642 929 prodest
664 864 751 926 raro,
777 845 873 907 nocet
895 841 1091 926 saepissime,
1164 870 1167 876 ·

92 929 207 994 melius
230 934 368 995 estnon
390 931 542 995 adhibere
564 931 695 995 omnino
719 952 815 1014 quam
834 951 891 1014 spe
909 929 1024 995 dubiae
1043 950 1091 993 sa

92 1017 171 1081 lutis
193 1017 228 1081 in
250 1021 397 1102 apertam
414 1018 586 1103 perniciem
603 1019 774 1103 incurrere,
796 1018 842 1083 sic
860 1017 946 1083 haud
964 1017 1030 1082 scio
1050 1038 1093 1081 au

93 1105 208 1169 melius
236 1104 334 1170 fuerit
362 1105 504 1171 humano
535 1107 645 1191 generi
673 1109 799 1171 motum
826 1106 927 1170 istum
956 1106 1093 1171 celerem

93 1193 309 1278 cogitationis,
332 1215 473 1276 acumen,
497 1194 684 1278 sollertiam,
708 1216 805 1276 quam
823 1195 982 1259 rationem
999 1215 1092 1259 roca-

92 1303 177 1364 mus,
206 1281 358 1364 quoniam
374 1281 539 1366 pestifera
562 1284 612 1345 est
634 1281 759 1366 multis,
786 1282 958 1347 admodum
979 1281 1091 1365 paucis

93 1369 255 1452 salutaris,
276 1391 343 1434 non
366 1369 437 1433 dari
455 1369 584 1434 omnino
603 1390 701 1452 quam
718 1371 787 1433 tam
805 1368 952 1432 munifice
971 1371 1091 1431 ettam

92 1456 183 1541 large
206 1456 285 1521 dari.
321 1455 425 1531 Quam
448 1456 489 1522 ob
508 1478 577 1520 rem
595 1457 623 1521 si
641 1477 732 1520 mens
749 1456 964 1538 voluntasque
983 1455 1091 1520 divina
1110 1469 1144 1518 70

91 1543 209 1608 idcirco
238 1543 399 1609 consuluit
425 1544 624 1627 hominibus,
651 1543 737 1628 quod
763 1542 803 1607 iis
827 1547 876 1607 est
899 1542 1021 1628 largita
1042 1565 1091 1609 ra-

91 1631 224 1714 tionem,
245 1632 286 1696 iis
309 1632 388 1697 solis
411 1632 582 1714 consuluit,
605 1652 685 1716 quos
703 1630 789 1695 bona
806 1631 931 1695 ratione
947 1631 1092 1716 donavit,

93 1742 173 1803 quos
191 1720 345 1804 videmus,
368 1720 397 1784 si
413 1720 509 1785 modo
527 1719 588 1784 ulli
605 1723 691 1803 sunt,
713 1740 782 1782 esse
799 1740 985 1802 perpaucos.
1016 1717 1093 1784 Non

92 1807 200 1892 placet
228 1811 336 1872 autem
363 1808 474 1894 paucis
502 1830 522 1871 a
549 1807 597 1871 dis
623 1806 851 1871 inmortalibus
875 1828 945 1871 esse
967 1808 1092 1871 consul-

92 1899 177 1979 tum,
200 1896 345 1980 sequitur
368 1917 455 1981 ergo,
477 1898 514 1960 ut
535 1895 657 1959 nemini
680 1894 862 1959 consultum
885 1894 937 1958 sit.

179 1981 265 2048 Huic
292 1985 364 2050 loco
392 1985 438 2050 sic
461 1983 572 2049 soletis
596 2005 772 2047 occurrere:
799 2005 865 2048 non
886 1982 1004 2049 idcirco
1026 1985 1143 2050 non28

93 2075 225 2154 optume
247 2071 342 2137 nobis
366 2094 386 2136 a
408 2072 457 2136 dis
480 2093 550 2137 esse
567 2070 741 2156 provisum,
765 2071 850 2156 quod
868 2071 964 2136 multi
982 2093 1092 2136 eorum

91 2159 246 2223 beneficio
274 2181 424 2243 perverse
451 2163 631 2243 uterentur3
659 2159 757 2224 etiam
783 2159 988 2245 patrimoniis
1012 2160 1092 2224 mul-

91 2249 144 2310 tos
173 2246 258 2310 male
287 2247 350 2330 uti,
378 2269 437 2313 nec
466 2247 508 2311 ob
536 2269 608 2312 eam
630 2268 761 2311 causam
784 2269 838 2312 eos
861 2247 1050 2312 beneficium
1073 2270 1093 2312 a

90 2333 239 2419 patribus
270 2335 397 2399 nullum
428 2334 557 2400 habere.
607 2332 824 2418 Quisquamne
855 2335 940 2400 istuc
969 2335 1092 2420 negat?

92 2425 149 2486 aut
171 2443 253 2505 quae
276 2422 383 2486 estin
405 2423 578 2488 collatione
600 2422 665 2487 ista
683 2421 883 2488 similitudo?
919 2421 988 2487 Nec
1006 2422 1092 2486 enim

92 2508 226 2575 Herculi
252 2531 367 2576 nocere
389 2509 543 2575 Deianira
563 2510 682 2594 voluit,
709 2533 781 2575 cum
804 2511 834 2574 ei
856 2510 999 2575 tunicam
1021 2531 1092 2575 san-

93 2597 189 2683 guine
212 2595 365 2663 Centauri
393 2598 530 2663 tinctam
558 2598 658 2683 dedit,
686 2621 745 2663 neo
772 2597 925 2684 prodesse
947 2596 1092 2663 Pheraeo

90 2684 200 2750 Iasoni
223 2685 261 2769 is,
285 2686 341 2770 qui
363 2686 471 2772 gladio
495 2686 654 2751 vomicam
678 2687 746 2751 eius
769 2685 904 2771 aperuit,
927 2707 1025 2771 quam
1043 2707 1091 2750 sa·

90 2796 168 2838 nare
191 2774 307 2838 medici
328 2795 394 2838 non
415 2778 596 2858 potuerant.
641 2773 738 2838 Multi
761 2773 846 2838 enim
870 2777 915 2858 et,
942 2796 1015 2838 cum
1038 2772 1092 2838 ob-

92 2883 162 2925 esse
184 2861 320 2946 vellent,
347 2861 536 2946 profuerunt
560 2865 605 2946 et,
628 2884 701 2927 cum
723 2863 888 2946 prodesse,
912 2861 1092 2926 obfuerunt.

90 2947 143 3011 Ita
164 2970 231 3012 non
252 2949 291 3012 fit
314 2971 352 3013 ex
376 2971 427 3034 eo,
454 2948 540 3032 quod
562 2950 671 3033 datur,
692 2953 730 3014 ut
752 2950 903 3014 voluntas
927 2950 1008 3034 eius,
1037 2949 1093 3032 qui

91 3034 227 3120 dederit,
251 3041 421 3122 appareat,
442 3058 510 3120 nec,
533 3037 561 3100 si
583 3037 621 3122 is,
644 3038 700 3121 qui
723 3037 855 3122 accepit,
877 3037 957 3102 bene
980 3036 1092 3121 utitur,

89 3122 207 3188 idcirco
230 3123 272 3208 is,
296 3125 351 3208 qui
375 3124 475 3208 dedit,
498 3125 599 3189 amice
622 3125 718 3190 dedit.
763 3123 851 3201 Quae
874 3125 959 3191 enim
981 3125 1092 3210 libido,
1112 3136 1145 3187 ⁷1

90 3232 172 3294 quae
202 3212 353 3296 avaritia,
384 3213 470 3296 quod
498 3212 623 3277 facinus
650 3217 708 3277 aut
735 3213 909 3298 suscipitur
935 3213 999 3278 nisi
1022 3236 1094 3279 con·

90 3298 164 3364 silio
187 3303 283 3384 capto
307 3304 364 3365 aut
387 3301 456 3364 sine
479 3300 580 3364 animi
602 3304 694 3365 motu
712 3305 745 3366 et
763 3301 969 3387 cogitatione,
992 3301 1026 3365 id
1044 3304 1095 3366 est
1136 3328 1142 3337 ·

89 3387 230 3472 ratione,
256 3389 443 3472 perficitur?
488 3386 575 3452 Nam
602 3388 707 3453 omnis
730 3389 840 3474 opinio
863 3389 947 3455 ratio
971 3391 1034 3473 est,
1061 3390 1121 3454 et·

90 3475 220 3558 quidem
241 3477 328 3541 bona
350 3476 449 3561 ratio,
472 3475 501 3540 si
522 3498 613 3561 vera,
635 3477 724 3542 mala
746 3480 864 3561 autem,
886 3476 916 3541 si
936 3475 1023 3542 falsa

89 3562 208 3646 opinio.
245 3561 346 3629 seda
364 3565 423 3631 deo
442 3567 572 3630 tantum
589 3565 749 3631 rationem
766 3562 983 3650 habemumi
