2476 3848
541 157 780 220 „442-

161 317 308 398 fluenter,
332 315 493 397 absolute,
510 335 678 399 prospere,
695 314 795 399 igitur
812 315 915 379 beate.
953 313 1038 380 Satis
1058 318 1170 382 autem

161 404 263 468 virtus
290 401 331 465 ad
357 402 484 466 fortiter
511 402 682 467 vivendum
708 405 830 485 potest,
858 402 938 467 satis
967 423 1044 488 ergo
1067 404 1170 470 etiam

108 504 143 552 54
162 491 201 555 ad
223 491 326 554 beate.
376 489 506 553 Etenim
529 493 565 554 ut
587 489 739 571 stultitia,
767 488 828 553 etsi
852 489 967 572 adepta
990 494 1053 574 est,
1080 492 1170 575 quod

161 578 351 660 concupivit,
368 598 544 661 numquam
563 599 597 640 se
615 580 725 641 tamen
744 577 824 641 satis
838 581 1044 642 consecutam
1060 582 1168 662 putat,

162 667 208 730 sic
227 665 386 749 sapientia
401 686 526 747 semper
540 685 577 727 eo
592 668 745 728 contenta
763 667 822 748 est,
840 663 925 748 quod
944 665 1044 748 adest,
1060 687 1168 749 neque

162 776 234 818 eam
256 774 407 836 umquam
431 753 481 816 sui
503 752 656 834 paenitet.

112 847 151 911 19
229 838 413 904 Similemne
430 842 525 924 putas
545 836 579 902 C.
597 837 699 902 Laelii
717 860 817 902 unum
835 839 1038 902 consulatum
1055 839 1170 924 fuisse,

161 931 284 993 etcum
308 927 435 1010 quidem
454 948 526 990 cum
545 926 674 1009 repulsa
691 923 748 1011 (si,
770 948 844 991 cum
863 926 989 1008 sapiens
1009 929 1042 990 ct
1059 927 1168 993 bonus

160 1016 222 1166 li?
243 1014 712 1183 luilnlflbflll'rduffilll
727 1014 1168 1183 qpiiieliff'rnilnl'wl'

160 1189 236 1272 pulo
267 1191 428 1273 repulsam
457 1190 533 1272 fert)
567 1225 609 1234 -
638 1188 693 1252 sed
715 1194 824 1252 tamen
846 1191 956 1251 utrum
983 1188 1098 1253 malles
1108 1125 1168 1274 pte,

161 1277 189 1340 si
211 1279 355 1358 potestas
382 1279 480 1358 esset,
508 1277 606 1340 semel
632 1279 668 1340 ut
694 1275 840 1339 Laelium
867 1276 1032 1340 consulem
1060 1299 1103 1341 an
1130 1282 1169 1343 ut

105 1376 141 1425 55
162 1362 299 1428 Cinnam
327 1363 461 1447 quater?
515 1361 591 1428 Non
618 1363 743 1445 dubito,
767 1366 811 1426 tu
843 1363 920 1445 quid
950 1384 1167 1446 responsurus

162 1453 221 1534 sis,
245 1452 352 1534 itaque
375 1450 482 1528 viden,
513 1451 562 1515 cui
585 1450 794 1515 committam.
838 1449 914 1514 Non
936 1451 1079 1534 quemvis
1102 1452 1168 1518 hoc

160 1540 245 1604 idem
268 1539 516 1622 interrogarem,
538 1537 746 1621 responderet
764 1538 848 1602 enim
868 1538 951 1603 alius
969 1538 1108 1603 fortasse
1131 1562 1166 1606 se

160 1648 226 1691 nou
258 1625 353 1690 modo
383 1629 535 1709 quattuor
566 1626 753 1690 consulatus
784 1627 839 1688 uni
871 1628 1077 1709 anteponere,
1109 1629 1167 1692 sed

160 1736 260 1778 unum
291 1713 376 1778 diem
408 1711 530 1778 Cinnae
563 1715 738 1778 multorum
770 1715 802 1776 et
828 1712 990 1777 clarorum
1022 1713 1166 1779 virorum

160 1801 239 1866 totis
271 1800 439 1865 aetatibus.
497 1800 625 1864 Laelius
662 1800 690 1863 si
722 1799 824 1884 digito
861 1821 955 1884 quem
992 1801 1168 1887 attigisset,

160 1910 280 1972 poenas
308 1887 463 1969 dedisset,
492 1891 526 1951 at
549 1886 651 1951 Cinna
678 1888 820 1971 collegae
847 1888 909 1971 sui,
939 1889 1079 1953 consulis
1107 1887 1166 1954 Cn.

161 1974 298 2058 Octavii,
322 1975 464 2058 praecidi
488 1977 583 2056 caput
605 1975 712 2056 iussit,
739 1974 773 2039 P.
796 1972 919 2058 Crassi,
946 1974 981 2039 L.
1006 1973 1167 2060 Caesaris,

159 2062 432 2126 nobilissimorum
455 2062 631 2144 hominum,
661 2083 796 2146 quorum
818 2062 922 2127 virtus
948 2062 1054 2128 fuerat
1076 2064 1165 2129 domi
1192 2069 1193 2072 ’

160 2149 357 2231 militiaeque
394 2149 537 2232 cognita,
578 2147 620 2211 M.
652 2147 800 2227 Antonii,
837 2151 980 2215 omnium
1016 2152 1165 2235 cloquen-

160 2235 294 2318 tissimi,
317 2257 397 2319 quos
420 2256 480 2321 ego
504 2235 672 2319 audierim,
695 2235 729 2302 C.
753 2235 913 2319 Caesaris,
938 2238 1058 2322 inquo
1082 2239 1166 2305 mihi

159 2323 284 2388 videtur
308 2323 470 2407 specimen
491 2323 590 2389 fuisse
612 2324 838 2403 humanitatis,
866 2325 957 2407 salis,
985 2326 1166 2411 suavitatis,

159 2411 287 2494 leporis.
341 2410 502 2476 Beatusne
529 2412 640 2496 igitur,
671 2413 726 2497 qui
756 2412 816 2476 hos
845 2412 1050 2476 interfecit?
1080 2412 1166 2480 Mihi

160 2503 274 2565 contra
291 2521 357 2564 nou
376 2500 480 2564 solum
499 2521 536 2563 co
555 2500 681 2565 videtur
699 2501 808 2582 miser,
832 2500 916 2583 quod
935 2522 973 2564 ea
996 2500 1084 2586 fecit,
1107 2503 1166 2567 sed

160 2587 257 2651 ctiam
281 2587 366 2672 quod
388 2586 435 2651 ita
454 2609 488 2650 se
511 2587 625 2672 gessit,
647 2591 684 2651 ut
702 2609 739 2651 ea
756 2587 862 2651 facere
881 2589 910 2651 ei
932 2588 1053 2653 liceret.
1089 2588 1167 2654 Etsi

159 2696 291 2758 peccare
313 2675 435 2738 nemini
458 2675 546 2756 licet,
570 2675 625 2737 sed
644 2674 800 2738 sermonis
824 2696 930 2739 errore
951 2675 1107 2759 labimur3
1129 2676 1166 2740 id

102 2784 140 2833 aa
160 2764 247 2827 enim
269 2763 364 2826 licere
387 2762 534 2843 dicimus,
564 2761 650 2845 quod
672 2762 785 2844 cuique
808 2761 1001 2828 conceditur.
1045 2761 1166 2829 Utrum

158 2851 288 2915 tandem
307 2849 433 2914 beatior
448 2847 482 2913 C.
494 2847 616 2913 Marius
630 2854 708 2931 tum,
727 2871 798 2912 cum
813 2847 994 2914 Cimbricae
1008 2850 1167 2916 victoriae

159 2938 295 3022 gloriam
332 2959 403 3002 oum
448 2936 571 3021 collega
607 2934 723 3000 Catulo
760 2937 1021 3021 communicavit,
1060 2960 1167 3022 paene

159 3025 260 3089 altero
292 3024 402 3088 Laelio
434 3021 522 3108 (nam
553 3024 640 3089 huno
671 3024 719 3087 illi
749 3024 828 3088 duco
861 3023 1090 3110 simillimum),
1122 3049 1167 3093 an

159 3133 232 3174 cum
259 3112 346 3175 civili
375 3111 460 3175 bello
488 3111 592 3176 victor
619 3111 721 3175 iratus
752 3112 940 3177 necessariis
973 3110 1082 3178 Catuli
1112 3115 1167 3179 de·

158 3198 364 3281 precantibus
382 3217 448 3262 non
466 3199 565 3262 semel
587 3198 766 3282 respondit,
789 3199 844 3264 sed
868 3221 975 3284 saepe:
1006 3199 1167 3266 ‘Moria-

157 3283 259 3347 tur'?
312 3284 350 3348 In
380 3306 443 3368 quo
474 3287 600 3351 beatior
628 3287 697 3369 ille,
731 3286 786 3370 qui
813 3286 889 3351 huic
917 3287 1061 3352 nefariae
1092 3291 1168 3355 voci

156 3372 281 3455 paruit,
309 3393 404 3455 quam
430 3373 471 3456 is,
498 3375 553 3458 qui
575 3378 643 3439 tam
671 3375 824 3439 scelerate
850 3375 1031 3458 imperavit.
1076 3373 1168 3441 Nam

92 3470 230 3633 'cum
267 3459 408 3542 accipere
447 3482 543 3544 quam
575 3462 680 3526 facere
711 3465 857 3545 praestat
891 3462 1057 3545 iniuriam,
1093 3467 1168 3530 tum
