2476 3848
529 188 848 255 —198-.

146 349 241 410 etex
263 365 301 408 33
323 342 402 407 urbe
424 340 632 425 triumphari,
660 339 728 405 sine
756 360 820 424 qua
846 361 1023 423 numquam
1045 340 1151 405 nostri

145 434 285 517 imperat
287 451 358 495 3333
372 451 411 494 33
425 427 648 512 ’133333131313
661 428 758 492 bellis
772 427 1023 529 triumpharunt.
999 427 1151 493 tMulta

145 524 313 621 praeterea
331 537 615 582 commemorarem
633 515 784 579 nefaria
774 537 809 579 13
828 515 941 665 333133,
960 537 988 580 31
979 515 1068 580 hoc
1086 537 1155 581 uno

147 608 320 691 quicquam
333 606 383 670 sol
401 604 536 670 vidisset
553 603 727 753 indignius.
758 602 860 667 Iure
851 603 913 688 1git
914 626 953 666 ur
970 604 1151 688 plectimur

145 694 219 759 Nisi
237 694 322 758 enim
340 691 545 757 multorum
536 691 685 774 inpunita
666 692 825 756 accelera
842 691 1039 774 tulissemus,
1061 713 1151 756 num-

147 805 244 866 quam
267 782 309 846 ad
330 802 430 844 unum
452 782 547 844 tanta
568 778 770 862 pervenisset
792 778 936 862 licentia3
959 801 979 843 3
1002 801 1065 863 333
1085 779 1152 862 331-

147 871 220 935 dem
242 869 289 933 331
310 867 482 932 familiaris
506 867 545 930 ad
568 887 701 950 333333,
730 865 943 950 cupiditatum
966 867 1008 931 ad
1030 866 1151 931 multos

95 975 128 1024 39
146 957 301 1040 13333133
318 955 408 1019 13311
425 953 596 1018 hereditas.
632 953 700 1017 Nec
718 975 794 1018 3333
814 975 969 1037 umquam
991 954 1152 1019 bellorum

147 1044 290 1110 civilium
313 1064 423 1107 semen
445 1047 479 1106 et
501 1063 598 1107 causa
621 1041 734 1124 deerit,
765 1041 840 1106 dum
863 1041 1010 1106 homines
1033 1043 1152 1127 perditi

146 1133 277 1196 hastam
303 1131 395 1194 illam
422 1133 587 1194 cruentam
616 1133 649 1193 et
675 1129 882 1194 meminerim
903 1133 937 1193 31
961 1130 1152 1215 sperabunt3

147 1242 244 1304 qnam
266 1218 302 1282 P.
325 1217 417 1282 Sulla
435 1240 507 1282 cum
525 1217 686 1282 vibrasset
705 1216 861 1281 dictatore
882 1217 1064 1302 propinquo
1084 1239 1152 1302 333,

146 1308 231 1372 idem
256 1309 345 1370 sexto
369 1305 556 1370 tricensimo
579 1326 663 1369 anno
685 1307 762 1389 post
784 1327 805 1368 a
827 1305 1033 1370 sceleratiore
1055 1306 1153 1370 hasta

147 1417 213 1459 333
234 1394 381 1476 recessit3
404 1394 488 1458 alter
510 1396 628 1476 331313,
651 1392 759 1476 quiin
779 1392 840 1456 1113
862 1393 1023 1458 dictatura
1045 1393 1152 1458 scriba

146 1483 266 1566 fuerat,
293 1482 328 1545 in
353 1482 416 1547 hac
436 1481 501 1545 fuit
524 1484 676 1564 quaestor
698 1480 849 1544 urbanus.
895 1480 946 1545 Ex
969 1503 1032 1565 quo
1056 1481 1152 1545 debet

146 1570 295 1655 intellegi
313 1569 434 1634 talibus
452 1568 606 1653 praemiis
623 1568 798 1652 propositis
812 1590 989 1652 numquam
1003 1568 1152 1633 defutura

147 1659 235 1723 bella
266 1657 544 1757 311111311133333
575 1656 716 1740 parietes
748 1657 843 1721 modo
875 1657 965 1720 urbis
998 1660 1152 1720 3133131

147 1744 393 1828 13311331,11333
411 1744 558 1844 13311313
577 1746 630 1807 ext
632 1764 751 1807 13133
740 1744 861 1808 scelera
876 1748 1064 1828 metuentes,
1083 1766 1152 1808 rem

147 1855 223 1899 1333
242 1796 553 1916 33111133313331133
573 1831 749 1896 3311313133.
784 1832 920 1915 Atque
910 1854 946 1895 13
963 1832 1023 1896 has
1044 1795 1152 1897 clades

147 1920 316 1986 incidimus
339 1915 622 2019 (redeundnmest
645 1919 730 1982 33113
753 1919 794 1984 ad
819 1918 1047 2004 propositum),
1075 1920 1153 1985 dum

148 2008 249 2072 133131
276 2028 374 2090 33331
400 2006 466 2070 3311
493 2027 563 2069 3333
594 2009 627 2069 31
659 2006 753 2091 diligi
784 2006 954 2072 malumus
1002 2007 1091 2082 Quae
1122 2009 1152 2072 si

147 2095 268 2179 populo
291 2093 438 2157 Romano
460 2093 579 2157 1313313
601 2093 776 2177 imperanti
797 2094 940 2159 accidere
966 2099 1152 2180 potuerunt,

148 2181 224 2266 quid
252 2181 369 2245 debent
396 2183 512 2263 putare
540 2181 683 2266 singuli?
729 2181 821 2257 Quod
847 2204 920 2246 3331
947 2183 1151 2268 perspicuum

148 2270 202 2354 sit,
223 2268 460 2333 benivolentiae
478 2269 545 2333 3131
563 2291 633 2334 3333
651 2291 813 2354 magnam,
835 2273 939 2334 metus
956 2270 1152 2354 inbecillam,

148 2357 302 2441 sequitur,
324 2359 361 2420 ut
385 2357 589 2440 disseramus,
614 2357 730 2441 quibus
753 2358 848 2422 rebus
871 2357 1026 2423 facillime
1049 2359 1152 2443 possi·

148 2467 220 2510 mus
243 2466 323 2528 eam,
346 2467 444 2528 quam
465 2446 623 2523 volumus,
646 2445 781 2529 adipisci
803 2467 876 2510 cum
898 2445 1021 2511 honore
1038 2449 1071 2510 et
1088 2446 1152 2511 fide

95 2533 326 2598 3333311313111.
371 2531 435 2596 Sed
456 2553 495 2597 ea
521 2553 587 2596 non
613 2533 736 2617 pariter
763 2555 874 2597 omnes
902 2554 1047 2619 egemus3
1073 2555 1151 2597 nam

148 2621 189 2686 ad
211 2621 364 2704 cuiusque
386 2621 489 2685 vitam
510 2619 695 2684 institutam
717 2621 1022 2686 accommodandum
1045 2623 1108 2704 331,
1131 2643 1152 2685 3

148 2709 300 2774 multisne
324 2730 404 2793 opus
429 2708 473 2771 sit
490 2729 533 2771 an
550 2707 631 2772 satis
651 2708 694 2771 sit
712 2709 860 2793 3333313
880 2709 981 2794 diligi.
1016 2705 1151 2773 Certum

147 2796 331 2882 1311331133
355 2796 411 2879 sit,
438 2795 533 2878 idque
560 2799 594 2858 et
618 2796 758 2879 primum
782 2800 815 2860 ct
837 2818 985 2861 maxume
1006 2818 1152 2862 necessa-

147 2885 241 2968 rium,
262 2883 503 2947 familiaritates
523 2883 642 2947 habere
660 2884 741 2948 fidas
761 2885 939 2948 amantium
956 2906 1017 2949 333
1036 2885 1152 2949 313133-

147 2994 220 3036 3331
242 2974 276 3034 31
298 2975 411 3034 333133
431 2970 633 3054 mirantium3
655 2971 735 3036 haec
753 2972 838 3036 enim
855 2994 921 3036 una
939 2994 991 3036 res
1009 2993 1153 3057 3333333,

147 3062 184 3123 31
210 3079 277 3122 333
304 3059 443 3122 31311313
470 3058 598 3123 differat
628 3059 713 3122 inter
746 3081 887 3124 33313133
920 3062 953 3123 31
983 3060 1151 3124 mediocria

147 3146 248 3229 viros,
280 3166 380 3229 acque
410 3145 556 3228 utrisque
588 3149 638 3211 331
667 3148 900 3231 propemodum
926 3147 1152 3231 comparanda.

94 3249 128 3296 31
148 3232 280 3298 Honore
304 3236 336 3296 31
359 3231 465 3317 gloria
487 3237 520 3297 et
543 3234 761 3299 benivolentia
783 3234 900 3300 civium
925 3234 1065 3299 fortasse
1087 3257 1153 3300 non

138 3341 248 3403 aeque
272 3341 383 3384 omnes
407 3324 512 3406 egent,
535 3322 592 3386 sed
613 3326 731 3406 131333,
754 3323 948 3388 3133111333
967 3326 1153 3408 suppetunt,

149 3408 302 3473 adiuvant
325 3408 529 3493 aliquantum
552 3431 625 3475 cum
648 3409 690 3474 ad
707 3414 822 3498 cetera,
843 3415 915 3476 tum
934 3410 976 3475 ad
994 3411 1154 3477 amicitias

147 3498 390 3581 comparandas.
