2476 3848
468 187 621 285 *45⁹
666 222 708 232 -

90 349 188 414 etiam
215 348 301 412 ultro
330 347 452 412 delatos
480 348 675 431 repudiabit;
699 368 758 412 nos
782 350 889 411 autem
912 367 967 411 eos
989 348 1089 411 nesci·

90 458 175 518 mus,
204 438 279 499 ante
303 457 398 520 quam
420 437 584 519 paenitere
607 435 725 518 coepit,
751 437 963 499 contemnere.
1006 434 1068 499 nst
1092 454 1141 502 105

90 523 173 607 apud
204 522 403 588 Heraclitum
432 524 598 608 physicum
629 522 668 587 de
697 522 843 606 principe
875 521 1090 605 Ephesiorum

89 611 305 695 Hermodoro,
332 611 498 676 universos
526 613 572 676 ait
597 611 756 695 Ephesios
785 631 854 675 esse
881 614 984 675 morte
1010 612 1090 675 mul·

89 700 219 781 tandos,
247 698 344 783 quod,
374 721 445 764 cum
474 701 603 764 civitate
628 700 825 783 expellerent
846 698 1090 781 Hermodorum,

90 790 137 852 ita
165 788 265 852 locuti
297 788 376 852 sint:
409 786 539 852 ‘Nemo
572 786 614 851 de
639 787 751 852 nobis
783 809 878 852 unus
910 787 1089 869 excellat,

91 877 150 940 sin
181 875 491 959 quis‘extiterit,
519 876 595 940 alio
623 876 662 941 in
688 876 772 941 loco
802 879 840 939 et
867 874 964 958 apud
994 874 1090 939 alios

91 961 162 1028 sit'
216 964 270 1026 An
299 962 362 1027 hoc
389 984 455 1027 non
485 963 531 1027 ita
562 963 599 1027 fit
631 964 717 1029 omni
747 963 782 1027 in
812 962 955 1046 populo?
984 983 1090 1027 nonne

89 1073 219 1116 omnem
242 1052 501 1133 exsuperantiam
523 1051 652 1117 virtutis
676 1051 832 1116 oderunt?
871 1050 974 1127 Quid?
1019 1051 1091 1114 Ari-

92 1139 191 1204 stides
220 1135 320 1223 (malo
348 1139 432 1202 enim
459 1137 653 1204 Graecorum
681 1161 777 1223 quam
799 1143 911 1204 nostra
935 1136 1091 1224 proferre)

81 1249 195 1292 ‘nonne
216 1226 257 1291 ob
272 1248 343 1291 eam
362 1247 492 1290 oausam
506 1227 655 1310 expulsus
670 1231 719 1291 est
732 1228 848 1310 patria,
866 1227 951 1311 quod
964 1231 1092 1310 praeter

91 1315 222 1380 modum
244 1315 348 1379 iustus
371 1313 478 1379 essct?
515 1313 650 1390 Quantis
673 1314 773 1398 igitur
791 1315 948 1379 molestiis
967 1319 1092 1396 vacant,

92 1403 147 1487 qui
168 1402 252 1467 nihil
275 1402 405 1467 omnino
434 1419 506 1466 cum
532 1402 653 1485 populo
682 1401 888 1467 contrahunt!
934 1401 1016 1476 Quid
1044 1406 1094 1465 est

92 1490 179 1554 enim
208 1490 331 1555 dulcius
359 1489 426 1555 otio
454 1489 621 1554 litterato?
644 1489 688 1553 iis
717 1489 789 1553 dico
818 1489 949 1571 litteris,
976 1489 1092 1571 quibus

92 1578 285 1642 infinitatem
303 1599 409 1643 rerum
427 1581 522 1661 atque
540 1579 675 1641 naturae
694 1579 727 1641 et
747 1577 782 1640 in
802 1575 863 1641 hoc
885 1577 956 1659 ipso
975 1577 1092 1641 mundo

92 1666 230 1749 caelum,
252 1669 368 1749 terras,
391 1666 493 1729 maria
516 1665 748 1750 cognoscimus.
1126 1721 1144 1784 ἵ

159 1752 354 1837 Contempto
368 1753 468 1837 igitur
481 1753 611 1835 honore,
625 1755 810 1836 contempta
824 1752 923 1816 etiam
936 1752 1072 1834 pecunia
1096 1723 1145 1849 ,336

93 1841 170 1926 quid
196 1841 400 1924 relinquitur,
428 1841 513 1926 quod
540 1841 810 1905 extimescendum
833 1839 896 1904 sit?
941 1839 1093 1924 Exilium,

94 1929 199 2011 credo,
222 1929 306 2013 quod
328 1929 363 1994 in
385 1929 542 1994 maxumis
564 1929 658 1993 malis
681 1928 816 1994 ducitur.
851 1925 889 1992 Id
912 1928 941 1992 si
960 1932 1094 2013 propter

94 2017 232 2080 alienam
264 2019 298 2080 et
331 2018 485 2081 offensam
514 2016 625 2101 populi
654 2016 855 2081 voluntatem
885 2017 1006 2081 malum
1037 2019 1094 2100 cst,

94 2126 189 2187 quam
222 2104 266 2167 sit
297 2125 335 2167 ea
366 2106 611 2187 contemnenda,
650 2104 747 2189 paulo
780 2108 853 2170 ante
885 2105 1005 2170 dictum
1036 2108 1094 2170 est.

94 2190 151 2254 sin
169 2191 282 2254 abesse
300 2193 405 2273 patria
423 2193 576 2257 miserum
595 2196 655 2277 est,
677 2193 792 2276 plenae
812 2194 1003 2258 miserorum
1021 2215 1094 2276 pro-

93 2277 217 2343 vinciae
247 2283 335 2360 sunt,
365 2301 403 2343 ex
433 2280 548 2363 quibus
577 2281 747 2345 admodum
774 2281 867 2364 pauci
892 2281 927 2346 in
956 2282 1093 2365 patriam

94 2368 306 2430 revertuntur.
341 2368 387 2430 At
405 2368 583 2432 multantur
608 2368 701 2432 bonis
725 2369 841 2433 exules.
878 2367 962 2444 Quid
980 2369 1071 2432 tum?
1096 2380 1145 2428 lor

94 2475 248 2537 parumne
262 2454 364 2518 multa
382 2454 420 2517 de
434 2455 601 2519 toleranda
619 2458 809 2538 paupertate
827 2455 998 2520 dicuntur?
1025 2454 1095 2520 Iam

95 2565 169 2606 vero
193 2540 334 2622 exilium,
359 2542 387 2606 si
408 2563 514 2607 rerum
535 2547 697 2626 naturam,
719 2565 785 2608 non
805 2543 1017 2629 ignominiam
1039 2563 1095 2606 no·

94 2629 190 2694 minis
218 2631 413 2714 quaerimus,
441 2633 595 2714 quantum
621 2631 751 2695 tandem
778 2653 798 2695 a
823 2634 979 2715 perpetua
1005 2652 1094 2713 pere·

95 2717 275 2800 grinatione
298 2718 425 2782 differt?
448 2718 483 2783 in
506 2740 568 2803 qua
592 2722 713 2784 aetates
733 2741 807 2783 suas
830 2717 1016 2802 philosophi
1039 2740 1095 2783 no·

95 2803 246 2869 bilissimi
259 2809 532 2889 consumpserunt,
546 2805 751 2891 Xenocrates,
763 2805 909 2884 Crantor,
923 2805 1095 2890 Arcesilae,

95 2891 252 2975 Lacydes,
274 2893 480 2974 Aristoteles,
509 2893 764 2977 Theophrastus,
792 2894 891 2978 Zeno,
915 2892 1095 2976 Cleanthes,

95 2976 310 3063 Chrysippus,
328 2980 513 3064 Antipater,
531 2978 725 3066 Carneades,
743 2980 970 3060 Clitomachus,
993 2982 1095 3060 Philo,

95 3065 290 3149 Antiochus,
317 3067 505 3152 Panaetius,
530 3069 735 3152 Posidonius,
760 3070 1008 3135 innumerabiles
1032 3071 1095 3153 alii,

96 3154 150 3240 qui
173 3156 269 3219 semel
298 3157 418 3240 egressi
444 3178 618 3241 numquam
645 3157 774 3222 domum
799 3162 1006 3223 reverterunt.
1050 3158 1096 3222 At

96 3243 182 3308 enim
196 3243 263 3308 sine
277 3243 456 3328 ignominia
470 3296 477 3310 .
492 3297 498 3309 .
513 3295 519 3307 .
535 3245 667 3309 adficere
681 3246 882 3329 sapientem?
897 3246 935 3310 de
949 3247 1095 3331 sapiente

97 3331 181 3395 enim
203 3331 283 3396 haec
307 3332 411 3397 omnis
435 3333 538 3398 oratio
561 3336 621 3416 est,
647 3334 698 3398 cui
720 3335 789 3398 iure
811 3334 844 3398 id
867 3334 1009 3400 accidere
1031 3357 1096 3400 non

96 3419 213 3502 possit,
247 3441 323 3484 nam
354 3421 422 3485 iure
455 3421 637 3486 exulantem
670 3422 829 3486 consolari
862 3443 930 3487 non
961 3425 1097 3507 oportet.
1165 3424 1170 3449 ¹

95 3505 261 3572 Postremo
275 3509 330 3573 ad
353 3509 456 3574 omnis
479 3530 570 3574 casus
597 3509 752 3575 facillima
777 3509 860 3575 ratio
884 3513 934 3575 est
955 3531 1075 3595 eorum,
1096 3452 1170 3630 fl
