2476 3848
472 186 712 251 *353—

87 348 224 412 Graecia
246 368 349 430 neque
371 347 439 410 ulla
462 367 534 411 curn
558 349 653 431 gente
672 348 748 410 sunt
767 344 967 409 conferenda.
1003 344 1092 421 Quae
1121 363 1122 366 ’

89 437 174 500 enim
192 439 284 500 tanta
303 435 458 518 gravitas,
476 456 557 519 quae
575 437 667 498 tanta
687 433 879 517 constantia,
902 432 1091 517 magnitudo

89 524 202 606 animi,
229 524 389 606 probitas,
416 523 508 605 fides,
541 543 622 606 quae
653 525 721 586 tam
751 522 907 585 excellens
938 521 974 585 in
1005 521 1092 585 omni

89 633 204 696 genere
223 612 325 675 uirtus
342 612 377 674 in
396 610 472 675 ullis
490 610 561 689 fuit,
580 613 617 673 ut
636 610 679 673 sit
692 631 764 674 cum
780 609 955 674 maioribus
968 610 1092 674 nostris

89 699 325 783 comparanda?
369 697 527 763 Doctrina
549 697 684 763 Graecia
710 720 769 762 nos
797 701 830 761 et
852 697 942 762 omni
970 697 1128 762 littera-3

88 809 161 851 rum
185 808 300 871 genere
324 788 512 869 superabat3
535 787 569 851 in
594 808 655 870 quo
675 789 745 850 erat
765 784 862 850 facile
880 786 1008 849 vincere
1026 807 1093 849 non

89 879 314 959 repugnantes.
358 873 443 939 Nam
465 897 537 939 cum
561 874 647 958 apud
670 872 808 939 Graecos
833 873 1093 957 antiquissimum

90 963 232 1029 edoctis
260 983 362 1048 genus
390 964 433 1027 sit
459 967 641 1047 po'e'tarum,
668 962 825 1046 siquidem
848 961 1008 1026 Homerus
1031 961 1099 1026 fuir

90 1055 123 1115 et
162 1051 323 1116 Hesiodus
364 1055 438 1115 ante
478 1050 616 1115 Romam
657 1049 838 1132 conditam,
878 1048 1093 1115 Archilochus

89 1144 245 1223 regnante
281 1139 433 1222 Romulo,
475 1139 578 1203 serius
613 1138 771 1221 poeticam
807 1159 867 1202 nos
904 1140 1093 1222 accepimus.

90 1228 194 1291 Annis
215 1227 283 1291 sere
306 1245 355 1290 nx
376 1233 451 1310 post
473 1226 612 1292 Romam
634 1226 797 1291 conditam
816 1225 927 1291 Livius
949 1227 1095 1292 fabulam

89 1315 177 1379 dedit
208 1313 241 1378 O.
265 1313 413 1397 Claudio,
436 1314 531 1380 Gaeci
552 1315 633 1396 filio,
659 1313 702 1378 M.
724 1313 885 1378 Tuditano
907 1317 1093 1379 consulibus

90 1424 177 1466 anno
202 1407 276 1466 ante
299 1408 411 1466 natum
434 1402 577 1467 Ennium
600 1402 670 1486 [qui
692 1401 754 1466 fuit
772 1401 875 1466 maior
892 1405 973 1465 natu
997 1424 1094 1485 quarn

90 1489 225 1553 Plautus
245 1494 277 1553 et
294 1489 460 1570 Naevius}
499 1488 576 1554 Sero
598 1490 699 1574 igitur
721 1512 741 1555 a
762 1489 881 1554 nostris
904 1495 1019 1572 poetae
1042 1491 1134 1555 vel2

91 1577 215 1660 cogniti
247 1578 298 1641 vel
329 1580 457 1661 recepti.
516 1576 716 1660 Quamquam
753 1581 802 1642 est
838 1579 872 1642 in
906 1576 1093 1662 Originibus

92 1665 206 1730 solitos
230 1687 300 1731 esse
323 1667 358 1730 in
380 1666 483 1749 epulis
502 1687 615 1730 canere
634 1667 785 1731 convivas
805 1666 845 1729 ad
866 1667 1033 1730 tibicinem
1056 1668 1093 1730 de

92 1755 252 1819 clarorum
279 1754 446 1819 hominum
473 1755 660 1838 virtutibus,
691 1754 847 1819 honorem
878 1758 988 1818 tamen
1019 1755 1094 1821 huic

91 1844 201 1927 generi
232 1865 298 1908 non
333 1843 431 1907 fuisse
459 1843 610 1907 declarat
648 1842 752 1907 oratio
786 1840 933 1922 Catonis,
965 1843 1000 1907 in
1032 1865 1095 1926 qua

92 1931 210 1995 obiecit
241 1935 278 1995 ut
308 1933 462 2014 probrum
494 1931 536 1996 M.
568 1930 745 2013 Nobiliori,
781 1930 866 2014 quod
898 1931 926 1996 is
957 1931 993 1996 in
1023 1953 1094 2015 pro-

92 2019 230 2083 vinciam
253 2024 365 2102 poetas
388 2021 545 2104 duxisset3
569 2020 704 2084 duxerat
722 2023 830 2083 autem
849 2020 960 2084 consul
981 2020 1037 2084 ille
1060 2021 1094 2085 in

93 2105 270 2187 Aetoliam,
292 2110 330 2170 ut
353 2109 483 2192 scimus,
505 2107 656 2172 Ennium.
693 2106 762 2183 Quo
786 2107 891 2172 minus
914 2109 1016 2193 igitur
1037 2109 1094 2175 ho,-

92 2191 180 2255 noris
200 2196 269 2256 erat
287 2195 400 2276 poetis,
419 2216 456 2259 eo
474 2197 602 2260 minora
620 2196 727 2260 studia
744 2194 883 2277 fuerunt,
902 2218 959 2261 nec
977 2201 1095 2282 tamen,

94 2281 122 2343 si
149 2279 203 2362 qui
231 2280 356 2363 magnis
384 2282 523 2370 ingeniis
551 2283 587 2346 in
613 2304 650 2346 eo
675 2303 789 2366 genere
812 2285 1000 2367 extiterunt,
1029 2308 1094 2351 non

93 2367 174 2431 satis
197 2364 392 2430 Graecorum
416 2369 538 2451 gloriae
559 2371 804 2451 responderunt.
844 2370 897 2434 An
920 2382 1131 2455 censemus,4

93 2457 121 2520 si
140 2454 255 2538 Fabio,
275 2455 476 2520 nobilissimo
495 2456 632 2539 homini,
654 2456 741 2520 laudi
760 2457 871 2521 datum
890 2462 987 2541 esset,
1010 2462 1095 2543 quod

92 2545 252 2629 pingeret,
275 2564 340 2607 non
363 2543 482 2608 multos
507 2544 605 2607 etiam
624 2546 709 2628 apud
730 2566 789 2609 nos
812 2544 939 2611 futuros
957 2546 1096 2629 Polycli-

93 2636 143 2696 tos
168 2636 201 2696 et
222 2631 412 2697 Parrhasios
433 2630 556 2696 fuisse?
591 2632 704 2697 Honos
723 2632 783 2697 alit
800 2636 899 2717 artes,
921 2655 1095 2719 omnesque

93 2721 306 2784 incenduntur
338 2721 377 2784 ad
405 2720 511 2785 studia
543 2720 659 2805 gloria,
690 2721 858 2804 iacentque
891 2742 929 2785 ea
961 2742 1095 2807 semper,

92 2828 173 2888 quae
198 2808 280 2889 apud
304 2830 447 2893 quosque
473 2809 705 2892 improbantur.
755 2807 921 2874 Summam
944 2809 1096 2874 eruditio·

92 2913 167 2955 nem
195 2891 309 2959 Graeci
336 2897 434 2960 sitam
461 2898 635 2962 censebant
661 2899 696 2961 in
717 2918 890 2962 nervorum
916 2917 1095 2980 vocumque

93 2979 256 3063 cantibus3
273 2983 374 3066 igitur
392 2989 425 3046 et
441 2984 698 3068 Epaminondas,
720 2986 868 3069 princeps
887 3006 959 3050 mco
977 2985 1094 3051 iudicio

92 3066 261 3150 Graeciae,
287 3070 404 3134 fidibus
431 3073 596 3154 praeclare
627 3074 779 3138 cecinisse
809 3074 938 3157 dicitur,
966 3072 1094 3138 Themi-

93 3155 272 3238 stoclesque
295 3157 418 3241 aliquot
439 3163 514 3222 ante
537 3181 638 3224 annos
662 3182 734 3225 cum
756 3162 790 3225 in
809 3161 910 3244 epulis
932 3166 1096 3228 recusaret

93 3244 212 3327 lyram,
236 3247 286 3309 est
306 3245 437 3311 habitus
459 3247 627 3313 indoctior.
663 3247 751 3333 Ergo
774 3248 810 3313 in
827 3247 962 3315 Graecia
980 3252 1095 3316 musici

92 3331 280 3417 floruerunt,
303 3333 529 3418 discebantque
552 3335 584 3399 id
604 3358 727 3419 omnes,
749 3358 820 3419 nec,
843 3338 899 3420 qui
920 3339 1095 3422 nesciebat,

93 3421 174 3485 satis
201 3422 344 3486 excultus
373 3420 519 3489 doctrina
547 3425 732 3507 putabatur.
782 3425 822 3489 In
853 3447 977 3490 summo
1011 3426 1131 3511 apudo

93 3507 166 3572 illos
188 3508 311 3574 honore
334 3512 511 3595 geometria
532 3511 607 3591 fuit,
629 3513 739 3598 itaque
757 3513 840 3577 nihil
858 3514 1095 3581 mathematicis

162 3626 343 3687 lssribeolelt,
357 3632 401 3678 OEtt.
415 3633 532 3688 petriculi.
547 3632 659 3690 &dritten
922 3639 964 3686 ‘hb
