2476 3848
479 198 718 263 -515-

96 359 224 424 dolores
257 363 290 424 et
321 382 400 444 quas
433 359 600 424 molestias
633 358 797 443 excepturi
829 360 909 443 sint,
941 360 1103 425 occaecati

96 446 273 529 cupiditate
294 468 361 512 non
381 448 566 531 provident,
590 447 750 530 similique
769 449 844 511 cunt
863 447 898 511 in
917 448 1024 530 culpa,
1048 448 1102 531 qui

96 533 204 598 officia
226 536 378 599 deserunt
394 535 535 599 mollitia
553 535 665 617 animi,
687 535 721 599 id
744 539 794 599 est
816 534 966 598 laborum
989 537 1022 598 et
1046 535 1099 599 do-

95 621 203 685 lorum
233 622 321 706 fuga.
365 621 411 687 Et
432 621 549 687 harum
576 621 706 707 quidem
732 643 840 686 rerum
861 622 969 687 facilis
992 626 1043 686 est
1069 625 1101 686 et

97 709 246 791 expedita
268 710 443 774 distinctio.
487 709 573 775 Nam
594 711 695 774 libero
718 713 877 793 tempore,
900 731 973 774 eum
996 711 1102 774 soluta

95 796 190 861 nobis
219 800 269 861 est
296 796 435 881 eligendi
463 798 567 881 optio,
596 819 731 881 cumque
757 797 841 861 nihil
863 798 1010 881 impedit,
1039 819 1102 881 quo

96 884 202 948 minus
234 884 281 967 id,
318 884 403 967 quod
441 885 580 949 maxime
612 886 755 969 placeat,
792 885 897 950 faeere
932 885 1103 969 possimus,

97 971 201 1037 omnis
223 973 373 1056 voluptas
396 972 589 1037 assumenda
611 977 674 1056 est,
702 973 805 1037 omnis
827 972 920 1038 dolor
945 974 1102 1056 depellen-

96 1060 165 1124 dus.
217 1059 430 1143 Temporibus
462 1063 571 1124 autem
605 1061 796 1144 quibusdam
829 1063 862 1125 et
894 1064 951 1126 aut
987 1061 1102 1127 officiis

97 1147 215 1211 debitis
237 1150 293 1212 aut
314 1169 423 1212 rerum
449 1147 699 1212 necessitatibus
726 1169 822 1231 saepe
851 1149 988 1233 eveniet,
1011 1151 1104 1213 utet

96 1235 279 1318 voluptates
310 1234 527 1319 repudiandae
560 1234 626 1298 sint
659 1237 691 1298 et
722 1234 891 1300 molestiae
921 1257 987 1300 non
1015 1257 1103 1301 recu-

97 1323 222 1386 sandae.
270 1321 384 1407 Itaque
412 1344 522 1387 earum
549 1343 657 1386 rerum
684 1321 738 1385 hic
765 1325 893 1386 tenetur
916 1344 936 1387 a
958 1323 1103 1405 sapiente

96 1409 245 1488 dilectus,
272 1413 309 1474 ut
337 1413 394 1474 aut
415 1409 584 1474 reiciendis
614 1409 835 1493 voluptatibus
858 1409 997 1473 maiores
1022 1409 1101 1473 alias

96 1501 307 1580 consequatur
334 1500 392 1561 aut
418 1496 616 1580 perferendis
647 1496 812 1561 doloribus
845 1497 1025 1578 asperiores
1055 1517 1103 1560 re·

95 1584 206 1667 pellat.
253 1584 347 1649 Hanc
374 1604 435 1668 ego
463 1607 535 1650 cum
561 1587 691 1649 teneam
717 1584 925 1666 sententiam,
954 1583 1030 1666 quid
1053 1588 1103 1649 est
1121 1597 1155 1645 34

97 1693 153 1736 eur
174 1692 300 1755 verear,
321 1694 363 1737 ne
386 1673 516 1737 adeam
534 1692 600 1736 non
622 1671 745 1755 possim
763 1671 1005 1735 accommodare
1024 1669 1102 1735 Tor-

97 1762 213 1842 quatos
236 1760 386 1825 nostros?
412 1781 493 1845 quos
516 1763 551 1823 tu
580 1760 679 1842 paulo
707 1762 781 1824 ante
811 1780 884 1823 cum
906 1759 1103 1843 memoriter,

96 1850 167 1911 tum
190 1847 288 1912 etiam
311 1867 390 1932 erga
410 1869 471 1912 nos
491 1847 592 1912 amice
615 1850 649 1911 ct
670 1847 825 1912 benevola
846 1845 1022 1930 collegisti,
1043 1866 1103 1910 nec

97 1956 148 1998 me
170 1938 280 1999 tamen
301 1935 470 2000 laudandis
489 1935 665 2000 maioribus
683 1935 763 1999 mois
782 1933 955 2016 corrupisti
972 1954 1031 1998 nee
1054 1955 1102 1998 se-

97 2022 246 2104 gniorem
273 2023 313 2087 ad
340 2023 598 2106 respondendum
625 2021 801 2102 reddidisti.
847 2020 990 2097 Quorum
1016 2021 1103 2086 facta

96 2130 192 2192 quem
220 2110 261 2173 ad
287 2111 429 2190 modum,
458 2132 591 2194 quaeso,
618 2109 864 2192 interpretaris?
916 2107 1022 2174 Sicine
1047 2130 1102 2175 eos

96 2216 206 2260 censes
234 2199 290 2260 aut
316 2197 352 2260 in
379 2202 540 2262 armatum
567 2197 694 2261 hostem
719 2197 880 2279 impetum
909 2197 1024 2262 fecisse
1047 2202 1105 2262 aut

96 2284 129 2346 in
162 2282 282 2346 liberos
315 2287 410 2366 atque
441 2284 477 2347 in
510 2284 700 2368 sanguinem
732 2305 825 2347 suum
862 2286 932 2348 tam
966 2286 1102 2350 crudelis

95 2370 207 2454 fuisse,
228 2369 311 2433 nihil
333 2374 370 2434 ut
392 2369 431 2434 de
454 2371 663 2454 utilitatibus,
689 2371 773 2435 nihil
800 2374 838 2435 ut
863 2371 902 2434 de
925 2373 1102 2437 commodis

97 2458 163 2522 suis
192 2457 395 2541 cogitarent?
442 2457 490 2522 At
516 2459 550 2523 id
575 2480 616 2523 ne
638 2458 725 2523 ferae
748 2457 877 2543 quidem
899 2457 1036 2541 faciunt,
1065 2463 1104 2522 ut

95 2545 143 2610 ita
163 2551 260 2610 ruent
282 2545 392 2630 itaque
414 2547 560 2628 turbent,
582 2549 632 2628 ut,
655 2566 764 2610 earum
783 2548 890 2609 motus
910 2548 943 2609 et
960 2546 1100 2628 impetus

96 2656 159 2718 quo
194 2633 391 2718 pertineant,
421 2656 488 2698 non
518 2633 756 2719 intellegamus3
791 2636 827 2697 tu
854 2636 923 2696 tam
952 2635 1100 2717 egregios

95 2721 183 2786 viros
216 2743 325 2787 censes
357 2724 467 2786 tantas
498 2742 550 2785 res
578 2722 716 2804 gessisse
744 2721 812 2785 sine
840 2721 959 2785 causa?
1013 2720 1101 2796 Quae
1120 2739 1153 2788 35

95 2808 192 2872 fuerit
224 2831 334 2892 causa,
366 2830 441 2874 mox
468 2809 590 2892 videro,
618 2808 741 2873 interea
767 2808 829 2874 hoc
851 2809 981 2892 tenebo,
1009 2809 1037 2873 si
1060 2810 1101 2874 ob

97 2895 240 2979 aliquam
263 2915 393 2960 eausam
415 2897 491 2980 ista,
516 2918 597 2980 quae
620 2896 689 2960 sine
712 2896 809 2961 dubio
829 2897 996 2980 praeclara
1018 2899 1102 2981 sunt,

94 2983 244 3066 fecerint,
266 2983 420 3048 virtutem
441 2984 482 3049 iis
504 3006 562 3068 per
585 2984 740 3066 seipsam
760 3005 888 3049 causam
908 3004 973 3050 non
991 2983 1101 3049 fuisse.

98 3106 136 3117 —
157 3070 317 3154 Torquem
340 3070 479 3136 detraxit
501 3071 598 3136 hosti.
619 3107 657 3118 -
677 3070 722 3136 Et
740 3072 866 3155 quidem
890 3093 924 3135 se
946 3072 1037 3155 texit,
1061 3095 1101 3136 ne

95 3158 251 3223 interiret
272 3194 310 3204 -
331 3157 378 3223 At
395 3179 548 3243 magnum
569 3159 748 3242 periculum
771 3160 860 3223 adiit.
878 3195 922 3206 -
939 3158 979 3223 In
999 3161 1101 3225 oculis

96 3245 225 3328 quidem
247 3246 415 3311 exercitus,
438 3283 479 3293 —
503 3247 587 3323 Quid
615 3269 654 3312 ex
682 3267 720 3310 eo
750 3250 799 3310 est
821 3248 1034 3312 consecutus?
1059 3285 1099 3294 -

94 3332 238 3398 Laudem
264 3336 297 3397 et
324 3334 504 3418 caritatem,
535 3357 615 3419 quae
638 3337 713 3399 sunt
736 3334 822 3398 vitae
847 3336 915 3399 sine
938 3340 1026 3399 metu
1050 3336 1101 3398 de-

96 3423 218 3504 gendae
244 3421 405 3505 praesidia
428 3422 622 3488 firmissima.
644 3459 687 3469 —
710 3421 830 3485 Filium
856 3426 960 3487 morte
983 3423 1099 3485 multa-

96 3508 151 3574 vit
174 3545 218 3555 -
241 3508 275 3575 Si
303 3509 372 3574 sine
396 3531 505 3596 causa,
531 3511 652 3576 nollem
680 3530 731 3573 me
758 3509 799 3573 ab
823 3529 860 3573 eo
885 3514 1004 3634 optum,
1031 3514 1100 3573 tam
1142 3540 1176 3624 Α

858 3605 893 3654 88
