2476 3848
467 180 707 246 ‚301-

82 349 268 415 animorum
295 347 512 430 disseruisset,
543 347 572 411 is
600 348 656 431 qui
682 352 769 412 esset
791 349 935 414 omnium
964 331 1089 452 sapien·

84 437 232 500 tissimus
256 435 386 501 oraculo
404 398 569 519 Apollinis
588 435 756 500 iudicatus
789 434 873 511 Quid
892 426 1068 503 multa?
1041 460 1089 504 sic

84 523 231 609 persuasi
253 523 348 605 mihi,
372 522 418 586 sic
440 523 558 605 sentio,
581 544 654 587 cum
676 527 771 587 tenta
792 524 941 589 celeritas
967 525 1088 591 animo

84 634 157 675 rum
180 611 237 692 sit,
267 573 362 674 tantia
387 609 544 675 memoria
564 611 814 694 praeteritorum
840 611 1087 697 futurorumque

84 698 265 783 prudentia,
287 700 339 761 tot
357 701 453 780 artes,
475 701 588 761 tantae
610 698 773 782 scientiae,
794 702 846 762 tot
863 700 1004 783 inventa,
1022 722 1088 764 non

84 807 180 870 posse
204 807 275 850 eam
297 789 457 867 naturam,
481 807 563 868 quae
580 807 632 849 res
651 807 706 850 eas
724 787 898 871 contineat,
916 808 986 853 esse
1004 809 1089 852 mor·

81 874 194 956 talem,
217 894 352 955 cumque
375 893 502 956 semper
520 873 664 959 agitetur
682 873 808 938 animus
821 897 881 939 nec
894 875 1088 960 principium

84 964 193 1025 motus
215 960 345 1045 habeat,
369 960 444 1044 quia
467 981 501 1024 se
523 960 594 1044 ipse
616 965 755 1045 moveat,
777 983 817 1026 ne
839 962 936 1026 finem
959 963 1088 1047 quidem

83 1049 273 1113 habiturum
295 1069 366 1111 esse
388 1051 510 1131 mutue,
534 1048 610 1130 quia
631 1070 809 1132 numquam
832 1050 956 1135 seipse
980 1051 1024 1114 sit
1041 1072 1088 1115 re

84 1137 234 1219 licturus,
262 1138 309 1213 et,
337 1156 410 1199 oum
438 1135 576 1219 simplex
602 1136 703 1199 animi
730 1139 816 1200 esset
841 1140 959 1202 natura
985 1160 1088 1221 neque

84 1223 220 1287 haberet
248 1222 284 1287 in
310 1243 345 1286 se
372 1222 544 1306 quicquam
571 1223 750 1287 admixtum
777 1224 887 1307 disper
914 1225 964 1289 sui
992 1230 1089 1309 atque

85 1310 256 1392 dissimile,
282 1331 348 1374 non
370 1331 466 1392 posse
489 1331 562 1374 eum
585 1309 697 1393 dividi3
720 1311 806 1394 quod
829 1311 857 1374 si
879 1332 946 1376 non
967 1317 1088 1397 posset,

82 1420 150 1462 non
167 1419 263 1483 posse
280 1397 427 1479 interire,
445 1417 627 1481 magnoque
646 1419 716 1462 esse
731 1403 922 1482 argumento
941 1400 1088 1463 homines

83 1486 166 1550 scire
189 1487 343 1568 pleraque
366 1487 455 1567 ante,
485 1505 583 1566 quam
604 1485 675 1548 nati
698 1484 776 1567 sint,
800 1485 885 1568 quod
903 1486 969 1549 iam
987 1487 1088 1570 pueri,

84 1595 158 1638 oum
175 1577 261 1637 artes
281 1572 427 1637 difficiles
447 1571 581 1654 discant,
603 1572 652 1635 ita
669 1572 816 1636 celeriter
833 1593 885 1636 res
907 1573 1088 1674 innumera-

84 1661 167 1725 biles
191 1659 362 1744 arripiant,
388 1662 426 1724 ut
456 1681 510 1723 eas
532 1681 599 1723 non
619 1663 691 1723 tum
713 1659 854 1744 primum
877 1660 1089 1744 acciperen-

85 1750 230 1829 deantur,
254 1748 309 1810 sed
323 1747 485 1810 reminisci
477 1748 532 1810 'et
551 1746 720 1811 recordari.
747 1745 836 1812 Haec
849 1745 925 1811 Plat
911 1747 997 1813 tonis
1010 1748 1087 1813 fere

84 1836 182 1919 Apud
204 1835 452 1919 Xenophontem
476 1838 585 1899 autem
605 1835 745 1899 moriens
765 1833 868 1918 Cyrus
887 1835 991 1899 maior
1008 1816 1139 1941 haec272

86 1923 176 1987 dicit:
209 1921 358 1986 ‘Nolite
382 1922 589 2005 arbitrari,
617 1944 636 1986 o
659 1922 754 1986 m1h1
780 1922 974 1987 carissimi
995 1893 1139 2007 filii,⁷⁹

85 2032 154 2093 me,
178 2031 259 2074 cum
282 2031 302 2073 a
323 2009 434 2073 vobis
458 2009 674 2074 discessero
679 2030 897 2095 ,nusquam
921 2014 986 2075 eut
1004 2011 1088 2074 nul·

85 2099 163 2161 lum
184 2097 278 2161 fore.
310 2094 388 2161 Neo
411 2096 524 2179 enim,
548 2098 632 2161 dum
656 2119 757 2162 eram
776 2098 988 2183 vobiscum,
1008 2098 1088 2162 ani-

86 2207 183 2249 mum
215 2206 336 2248 meum
370 2184 583 2269 videbatis,
619 2185 685 2250 sed
717 2207 800 2249 eum
833 2207 916 2250 esse
948 2186 988 2250 in
1018 2187 1090 2251 hoc

86 2293 245 2372 corpore
269 2293 312 2335 ex
333 2271 382 2334 iis
401 2271 528 2354 rebus,
552 2293 644 2355 quas
664 2272 857 2356 gerebam,
880 2273 1089 2359 intellege-

86 2360 166 2424 bat
138 2363 199 2423 t.1s
244 2358 414 2424 Eundem
436 2357 559 2442 igitur
586 2380 669 2422 essa
699 2359 903 2443 creditota,
933 2361 1088 2425 etiamsi

86 2447 236 2511 nullum
257 2445 449 2511 videbitis.
496 2443 574 2509 Nec
595 2466 685 2509 vero
705 2445 899 2510 clarorum
917 2447 1087 2512 virorum
1107 2464 1139 2515 80

86 2536 175 2619 post
206 2537 366 2597 mortem
402 2532 566 2597 honores
600 2536 883 2616 permanerent,
920 2533 953 2597 si
987 2534 1088 2598 nihil

87 2643 216 2685 eorum
241 2621 417 2704 ipsorum
444 2619 561 2684 animi
589 2618 808 2702 efficerent,
840 2640 913 2701 quo
942 2619 1088 2684 diutius

86 2707 308 2772 memoriam
332 2707 391 2770 sui
412 2711 644 2772 teneremus.
687 2703 782 2770 Mihi
806 2705 959 2807 quidem
985 2727 1090 2772 num-

12 2872 17 2881 ,
87 2817 197 2880 quam
229 2794 454 2879 persuaderi
484 2816 531 2878 po
537 2794 615 2859 tuit
642 2793 801 2876 animos,
833 2793 954 2857 dum
943 2815 983 2857 ιιι
1010 2815 1089 2859 cor·

86 2882 246 2967 poribus
270 2884 402 2946 esseut
420 2881 666 2964 mortalibus,
692 2880 835 2963 vivere,
863 2901 944 2945 cum
964 2902 1089 2946 exces-

40 3023 49 3031 .
87 2970 231 3034 sissent
264 2991 306 3033 ex
338 2968 406 3052 eie,
443 2970 574 3052 emori,
604 2990 672 3033 nec
698 2989 788 3034 vero
816 2970 895 3033 tum
923 2969 1091 3034 animum

87 3078 170 3122 esse
206 3019 469 3141 insipientem,
506 3079 587 3120 cum
624 3077 667 3119 ex
697 3055 902 3139 insipienti
931 3079 1090 3142 corpore

87 3142 292 3228 euasisset,
324 3144 389 3208 sed
415 3165 497 3208 cum
525 3142 626 3208 omni
653 3142 888 3208 admixtione
916 3145 1089 3229 corporis

87 3232 280 3296 liberatus
303 3252 424 3315 purus
448 3233 485 3296 et
506 3231 659 3315 integer
682 3251 764 3294 esse
783 3230 989 3315 coepisset,
1012 3235 1092 3297 tum

87 3341 171 3384 esse
195 3319 412 3403 sapientem.
445 3317 571 3401 Atque
594 3318 710 3382 etiam
733 3340 814 3383 cum
836 3317 1003 3383 hominis
1026 3340 1075 3385 na

86 3410 174 3471 tura
199 3408 322 3471 morte
345 3405 590 3489 dissolvitur,
620 3408 833 3471 ceterarum
860 3428 985 3471 rerum
1007 3426 1053 3491 po

67 3580 69 3584 Ι
88 3493 262 3578 spicuum
281 3497 340 3557 est
358 3514 430 3576 quo
445 3514 615 3578 quaeque
630 3493 815 3578 discedat,
833 3494 974 3559 abeunt
993 3491 1054 3559 eni
