2476 3848
101 1201 144 1326 a

539 190 778 254 -210-

155 354 230 420 simi
259 375 326 420 non
356 353 510 437 probant,
538 354 575 414 ut
606 354 639 415 et
665 350 718 415 hio
745 351 816 436 ipse
842 349 1030 435 Panaetius,
1063 374 1163 436 quem

155 443 294 508 multum
315 441 351 504 in
371 441 423 504 his
446 439 539 504 libris
563 442 691 504 secutus
715 461 786 503 sum
791 489 800 522 ,
826 460 894 504 non
914 440 1163 527 interpretatus,

155 535 188 595 et
200 529 377 594 Phalereus
391 527 584 612 Demetrius,
607 527 663 611 qui
675 526 841 612 Periclem,
864 528 1043 612 prinoipem
1061 527 1163 595 Grae-

154 620 236 702 ciae,
262 617 439 701 vituperat,
471 616 557 698 quod
583 618 710 679 tantam
736 616 905 700 pecuniam
931 616 966 680 in
991 618 1164 700 praeclara

153 706 212 771 illa
235 705 412 789 propylaea
434 703 613 768 coniecerit.
659 700 722 767 Sed
745 704 783 767 de
805 703 868 769 hoc
891 724 1007 788 genere
1029 708 1102 770 toto
1125 706 1163 771 in

153 794 194 858 iis
221 793 328 875 libris,
356 813 436 875 quos
464 791 502 856 de
529 813 564 855 re
591 791 721 876 publica
749 791 875 875 scripsi,
908 791 1081 876 diligenter
1109 799 1163 860 est

154 882 363 966 disputatum.
399 878 483 943 Tota
505 879 608 963 igitur
629 879 714 942 ratio
737 878 853 943 talium
876 880 1088 964 largitionum
1107 904 1163 968 ge-

153 989 229 1033 nere
251 968 371 1032 vitiosa
394 970 452 1051 est,
475 966 676 1050 temporibus
698 967 889 1050 necessaria,
912 971 945 1031 et
963 971 1033 1032 tum
1051 970 1163 1053 ipsum

155 1060 187 1120 et
211 1055 252 1119 ad
273 1055 446 1119 facultates
470 1054 740 1119 accommodanda
763 1058 795 1118 et
813 1055 1035 1120 mediocritate
1053 1059 1163 1124 mode

154 1144 256 1208 randa
279 1147 336 1206 est.

221 1229 260 1295 In
282 1230 340 1295 illo
360 1234 468 1294 autem
488 1231 592 1294 altero
611 1251 728 1315 genere
746 1230 915 1315 largiendi,
939 1231 1026 1314 quod
1043 1254 1064 1296 a
1081 1233 1163 1299 libe·

11 1347 42 1355 -·
154 1319 286 1385 ralitate
299 1318 523 1403 proficiscitur,
538 1341 605 1383 non
617 1340 682 1382 uno
697 1318 793 1383 modo
806 1319 841 1382 in
856 1318 1038 1403 disparibus
1053 1323 1162 1387 causis

101 1599 135 1648 62

102 2299 136 2347 63

155 1406 273 1473 adfecti
296 1429 365 1471 esse
389 1407 549 1470 debemus.
595 1405 672 1471 Alia
694 1428 792 1471 causa
815 1409 864 1470 est
888 1407 969 1490 eius,
998 1408 1053 1491 qui
1075 1410 1162 1474 cala·

154 1496 269 1560 mitate
288 1495 455 1579 premitur,
472 1498 506 1558 et
525 1495 602 1573 eius,
620 1495 676 1578 qui
689 1516 740 1558 res
754 1494 904 1558 meliores
920 1496 1046 1577 quaerit
1059 1498 1161 1563 nullis

156 1584 221 1648 suis
245 1584 340 1648 rebus
365 1583 517 1648 adversis
552 1582 748 1667 Propensior
770 1582 955 1667 benignitas
978 1605 1048 1648 esse
1066 1584 1161 1650 debe·

154 1673 204 1738 bit
226 1672 260 1736 in
283 1672 504 1754 calamitosos,
530 1671 595 1734 nisi
621 1669 706 1734 forte
734 1673 828 1734 erunt
851 1670 941 1754 digni
963 1672 1159 1738 calamitate.

153 1760 193 1824 In
214 1759 255 1823 iis
278 1762 398 1842 tamen,
421 1759 476 1842 qui
499 1779 532 1821 se
557 1757 702 1822 adiuvari
719 1758 840 1840 volent,
861 1779 928 1822 non
944 1780 985 1822 ne
1003 1759 1160 1844 adfligan-

154 1852 221 1930 tur,
245 1847 300 1910 sed
323 1850 360 1910 ut
383 1846 532 1910 altiorem
555 1845 691 1929 gradum
715 1844 904 1929 ascendant,
926 1847 1070 1911 restricti
1092 1870 1160 1913 om·

153 1936 231 2000 nino
250 1955 320 1997 esse
337 1934 428 1997 nullo
452 1933 547 1997 modo
571 1933 732 2015 debemuS,
756 1933 811 1997 sed
834 1933 869 1997 in
892 1934 1070 2019 deligendis
1092 1936 1160 2001 ido·

154 2023 224 2086 neis
242 2021 394 2085 iudicium
418 2023 450 2084 et
474 2019 676 2104 diligentiam
696 2019 856 2085 adhibere.
890 2019 976 2086 Nam
993 2024 1160 2107 praeclare

155 2109 293 2173 Ennius:
811 2167 814 2173 .

199 2195 301 2259 Bene
328 2194 432 2259 facta
455 2196 554 2260 male
576 2196 708 2261 locata
730 2196 828 2261 male
850 2196 956 2262 facta
978 2198 1160 2266 arbitror.

156 2283 248 2360 Quod
271 2287 379 2347 autem
401 2282 560 2347 tributum
584 2287 634 2347 est
656 2285 741 2348 bono
764 2284 834 2349 viro
863 2288 896 2349 et
924 2289 1032 2371 grato,
1058 2287 1093 2351 in
1121 2311 1160 2354 eo

156 2395 228 2437 eum
251 2393 289 2435 ex
311 2371 382 2454 ipso
400 2369 525 2435 fructus
545 2374 602 2449 est,
625 2375 696 2436 tum
714 2372 813 2436 etiam
832 2394 870 2436 ex
889 2374 1012 2438 ceteris.
1049 2374 1160 2440 Teme

155 2459 253 2525 ritate
281 2459 366 2524 enim
393 2463 518 2523 remota
545 2460 733 2544 gratissima
760 2463 810 2524 est
832 2460 1027 2546 liberalitas,
1057 2484 1160 2546 eoque

156 2571 227 2613 eam
247 2546 421 2612 studiosius
440 2548 585 2631 plerique
604 2548 747 2631 laudant,
767 2548 852 2631 quod
870 2549 988 2613 summi
1006 2550 1160 2635 cuiusque

126 2648 129 2652 ’
155 2637 283 2701 bonitas
299 2657 466 2700 commune
479 2635 663 2720 perfugium
677 2639 726 2699 est
741 2635 892 2700 omnium.
924 2636 1040 2701 Danda
1057 2639 1160 2724 igitur

156 2727 335 2809 operaest,
358 2727 394 2787 ut
416 2724 456 2786 iis
480 2723 642 2787 beneficiis
666 2745 762 2807 quam
784 2723 943 2807 plurimos
962 2725 1159 2811 adiiciamus,

156 2834 291 2896 quorum
314 2811 470 2875 memoria
492 2810 603 2874 liberis
626 2811 828 2896 posterisque
855 2813 1025 2897 prodatur,
1054 2818 1091 2878 ut
1117 2815 1159 2879 iis

154 2900 293 2984 ingratis
327 2921 396 2963 esse
426 2920 493 2963 non
523 2898 629 2963 liceat.
680 2898 798 2963 Omnes
831 2900 916 2963 enim
947 2901 1160 2967 inmemorem

155 2985 302 3050 beneficii
325 2986 461 3050 oderunt
484 3008 617 3069 eamque
639 2986 790 3053 iniuriam
812 2987 847 3050 in
870 2987 1059 3054 deterrenda
1081 2990 1161 3056 libe-

154 3073 286 3137 ralitate
305 3073 368 3136 sibi
386 3073 485 3137 etiam
502 3074 574 3137 fieri
592 3096 736 3158 eumque,
754 3074 810 3158 qui
826 3074 935 3153 faciat,
958 3099 1161 3144 communem

154 3162 283 3225 hostem
297 3160 479 3225 tenuiorum
492 3165 617 3244 putant.
645 3163 753 3246 Atque
766 3162 847 3228 haec
860 3164 1045 3251 benignitas
1060 3167 1161 3232 etiam

154 3249 202 3312 rei
224 3248 372 3332 publicae
395 3251 445 3311 est
463 3249 563 3327 utilis,
585 3250 700 3315 redimi
718 3273 735 3314 e
754 3251 910 3317 servitute
928 3256 1051 3336 captos,
1073 3253 1161 3319 locu-

155 3336 273 3422 pletari
296 3336 472 3418 tenuiores,
496 3337 581 3419 quod
604 3338 732 3423 quidem
754 3340 853 3425 volgo
876 3339 1008 3404 solitum
1027 3340 1098 3404 fieri
1117 3343 1160 3407 ab

155 3424 264 3489 ordine
282 3427 395 3488 nostro
414 3423 449 3487 in
467 3424 613 3488 oratione
627 3425 738 3492 Crassi
752 3426 908 3512 seriptum
926 3427 1056 3511 copiose
1073 3427 1161 3494 vide

154 3534 234 3576 mus.
270 3510 364 3576 Hanc
383 3533 460 3598 ergo
479 3513 743 3580 consuetudinem
760 3514 971 3602 benignitatis
990 3515 1161 3601 largitioni
