2476 3848
544 156 785 223 -394—

162 341 314 404 umquam
340 341 381 384 ne
407 319 598 404 ingemescit
620 316 749 402 quidem
771 317 821 382 vir
846 316 941 382 fortis
966 339 1002 382 ac
1026 317 1171 404 sapiens,

162 408 226 473 nisi
253 407 335 472 forte
360 411 398 472 ut
424 429 458 471 se
484 406 631 472 intendat
653 405 693 470 ad
715 406 916 489 firmitatem,
945 406 1038 470 utin
1060 406 1170 471 stadio

125 489 129 499 '
162 518 306 561 cursores
335 496 526 579 exclamant,
553 516 649 580 quam
676 494 814 559 maxime
839 495 983 578 possunt.
1027 492 1169 560 Faciunt

161 584 260 668 idem,
290 605 361 648 cum
389 587 587 668 exercentur,
616 581 771 665 athletae,
798 582 923 666 pugiles
950 603 1041 659 vero,
1068 583 1172 648 etiam

162 695 233 736 cum
260 671 379 736 feriunt
408 671 638 749 adversarium,
670 669 705 733 in
736 669 892 734 iactandis
924 669 1085 734 caestibus
1118 671 1171 736 in-

162 762 365 844 gemescunt,
395 781 460 824 non
494 759 579 842 quod
606 758 737 823 doleant
767 757 915 822 animove
948 757 1172 844 succumbant,

162 850 218 912 sed
249 847 323 931 quia
354 846 576 930 profundenda
606 867 683 911 voce
715 866 809 909 omne
841 866 956 929 corpus
987 845 1172 912 intenditur

161 936 312 1020 venitque
334 934 433 1018 plaga
455 933 683 1000 vehementior.

109 1017 153 1082 24
229 1021 333 1099 Quid?
370 1022 425 1106 qui
460 1023 572 1087 volunt
608 1022 785 1087 exclamare
822 1021 941 1107 maius,
971 1044 1049 1087 num
1086 1023 1172 1090 satis

161 1109 283 1174 habent
313 1110 429 1192 latera,
459 1109 582 1194 fauces,
615 1110 760 1194 linguam
791 1109 969 1194 intendere,
1001 1132 1018 1175 e
1051 1112 1170 1195 quibus

162 1198 221 1261 eici
252 1218 362 1262 vocem
395 1200 428 1261 et
457 1196 547 1262 fundi
578 1197 746 1262 videmus?
799 1197 882 1263 Toto
910 1219 1043 1283 corpore
1071 1204 1171 1284 atque

162 1286 310 1352 omnibus
332 1286 475 1370 ungulis,
502 1289 539 1350 ut
561 1285 690 1368 dicitur,
717 1286 917 1350 contentioni
943 1287 1032 1351 vocis
1059 1287 1172 1353 adser-

110 1394 142 1442 57
161 1373 261 1438 viunt.
306 1372 396 1438 Genu
419 1374 598 1438 mehercule
621 1372 664 1438 Μ
687 1373 867 1438 Antonium
890 1373 969 1456 vidi,
996 1395 1068 1438 cum
1091 1397 1171 1441 con-

160 1466 250 1526 tente
275 1484 333 1546 pro
357 1484 391 1526 se
414 1462 483 1546 ipse
505 1464 576 1548 lege
598 1461 699 1526 Varia
721 1461 852 1546 diceret,
880 1465 1002 1527 terram
1023 1466 1170 1548 tangere.

161 1550 208 1617 Ut
225 1551 310 1615 enim
330 1550 466 1615 balistae
489 1550 633 1634 lapidum
652 1554 685 1614 et
702 1550 827 1634 reliqua
844 1553 1007 1614 tormenta
1024 1551 1170 1618 telorum

161 1660 198 1702 eo
227 1640 390 1723 graviores
421 1639 609 1704 emissiones
642 1638 776 1722 habent,
814 1659 876 1721 quo
909 1642 984 1703 sunt
1015 1642 1171 1706 contenta

162 1731 258 1810 atque
286 1726 422 1791 adducta
449 1727 682 1810 vehementius,
710 1727 755 1790 sic
781 1747 857 1810 vox,
888 1726 935 1791 sio
963 1747 1090 1808 cursus,
1121 1728 1172 1793 sic

160 1815 259 1899 plaga
284 1814 347 1879 hoc
374 1814 517 1898 gravior,
544 1836 607 1898 quo
634 1817 683 1878 est
710 1815 809 1878 missa
831 1815 1021 1879 contentius.
1067 1812 1171 1881 Ouius

160 1902 376 1968 contentionis
407 1923 479 1966 cum
506 1905 599 1965 tanta
625 1901 675 1965 vis
704 1902 759 1985 sit,
787 1902 815 1966 si
839 1903 977 1986 gemitus
999 1903 1032 1968 in
1054 1903 1170 1969 dolore

162 1991 202 2054 ad
230 1989 482 2054 confirmandum
510 1989 652 2052 animum
684 1988 819 2074 valebit,
850 1994 992 2077 utemur,
1024 1990 1075 2055 sin
1106 1993 1171 2058 erit

160 2079 214 2142 ille
242 2077 379 2162 gemitus
411 2075 660 2153 clamentabilis,
687 2075 716 2140 si
742 2076 925 2160 inbecillus,
953 2079 981 2143 si
1011 2079 1168 2163 abiectus,

161 2166 189 2230 si
211 2163 342 2247 flebilis,
365 2163 396 2228 ei
419 2164 473 2246 qui
496 2185 530 2228 se
552 2163 689 2247 dederit,
714 2164 768 2228 vix
795 2186 869 2228 eum
891 2166 997 2230 virum
1022 2165 1170 2233 dixerim.

162 2251 223 2327 Qui
254 2250 381 2336 quidem
414 2250 552 2336 gemitus
589 2252 617 2315 si
649 2252 820 2318 levationis
859 2252 983 2338 aliquid
1019 2254 1171 2341 adferret,

161 2343 269 2404 tamen
295 2340 489 2422 videremus,
522 2339 597 2424 quid
626 2343 711 2404 esset
737 2339 830 2407 fortis
863 2344 896 2405 et
923 2341 1060 2406 animosi
1091 2343 1169 2429 viri,

161 2449 234 2492 cum
260 2449 336 2493 vcro
362 2428 444 2492 nihil
470 2428 642 2516 imminuat
669 2428 802 2513 doloris,
829 2451 885 2493 cur
910 2429 1033 2494 frustra
1054 2433 1169 2514 turpes

162 2537 232 2581 esse
263 2515 434 2580 volumus?
490 2515 573 2592 Quid
605 2519 655 2580 eet
685 2516 771 2580 enim
801 2517 880 2581 fletu
915 2516 1065 2582 muliebri
1096 2518 1168 2584 viro

111 2625 143 2673 oe
162 2602 311 2687 turpius?
361 2603 469 2688 Atque
504 2602 566 2669 hoc
601 2607 821 2687 praeceptum,
861 2604 945 2689 quod
981 2604 1019 2669 de
1053 2603 1169 2671 dolore

161 2691 269 2774 datur,
291 2694 383 2774 patet
404 2691 512 2756 latius.
549 2689 705 2756 Omnibus
730 2691 815 2755 enim
837 2693 946 2776 rebus,
967 2713 1033 2758 non
1058 2691 1168 2758 solum

162 2780 280 2862 dolori,
303 2778 402 2843 simili
424 2779 628 2845 contentione
651 2779 750 2843 enimi
772 2779 986 2845 resistendum
1009 2783 1067 2845 est.
1110 2781 1169 2847 Ira

162 2866 352 2951 exardescit,
379 2866 479 2931 libido
507 2868 701 2950 concitatur,
729 2867 763 2931 in
795 2866 928 2932 eandem
957 2890 1062 2934 arcem
1091 2891 1168 2934 con·

161 2955 349 3038 fugiendum
385 2958 448 3036 est,
485 2956 596 3021 eadem
633 2958 710 3019 sunt
750 2976 840 3021 arma
883 2955 1045 3022 sumenda
1104 2955 1170 3024 Sed

162 3042 314 3124 quoniam
347 3042 385 3106 de
417 3042 525 3107 dolore
564 3043 739 3128 loquimur,
774 3042 832 3108 illa
863 3044 1061 3111 omittamus.
1114 3045 1168 3111 Ad

161 3128 327 3193 ferendum
345 3131 445 3216 igitur
459 3131 602 3197 dolorem
614 3131 740 3216 placide
755 3135 850 3215 atque
865 3133 974 3198 sedate
991 3132 1168 3216 plurimum

162 3217 290 3299 proficit
320 3220 391 3283 toto
422 3223 564 3302 pectore,
595 3222 633 3282 ut
663 3219 794 3304 dicitur,
821 3220 977 3306 cogitare,
1008 3241 1106 3304 quam
1132 3220 1167 3286 id

161 3302 332 3368 honestum
357 3306 409 3370 sit
454 3304 570 3371 Sumus
593 3306 679 3371 enim
700 3309 829 3389 natura,
856 3311 990 3373 utente
1015 3306 1081 3371 dixi
1104 3304 1167 3391 (di-

162 3390 296 3456 cendum
332 3396 383 3457 est
418 3393 503 3458 euim
539 3392 700 3479 saepius),
740 3392 969 3459 studiosissimi
1012 3393 1167 3477 adpeten-

92 3472 343 3633 *tissimique
371 3481 566 3566 honestatis3
594 3481 683 3545 cuius
711 3481 740 3546 si
771 3483 863 3568 quasi
895 3482 1004 3547 lumen
1035 3481 1168 3567 aliquod
