2476 3848
477 200 713 262 ..447-

91 358 274 442 ostendere,
300 357 509 441 proponenda
535 357 690 440 quaedam
713 359 805 439 quasi
827 359 988 423 moventia
1011 365 1095 442 sunt,

91 467 173 529 quae
190 466 251 509 nos
270 445 373 528 magis
393 444 433 508 ad
452 445 667 529 cognitionem
685 444 1001 530 intellegentiamque
1020 469 1094 511 con·

91 536 225 596 vertant.
270 529 422 596 Sumatur
449 533 534 596 enim
561 532 654 596 nobis
686 532 817 616 quidam
843 537 1013 616 praestans
1044 535 1095 599 vir

91 619 233 702 optumis
257 619 394 701 artibus,
416 620 507 703 isque
526 620 633 683 animo
655 640 827 702 parumper
845 623 878 683 11
898 621 1093 703 cogitatione

91 707 240 791 fingatur.
297 706 443 771 Primum
478 707 609 791 ingenio
642 707 757 771 eximio
794 706 837 771 sit
867 729 995 772 necesse
1031 714 1093 794 est3

90 794 193 859 tardis
225 794 312 858 enim
344 795 505 858 mentibus
536 794 638 858 virtus
676 815 741 858 non
777 794 872 859 facile
909 796 1094 880 comitatum

92 881 204 945 deinde
237 882 277 945 ad
315 881 573 966 investigandam
605 882 774 945 veritatem
810 882 914 947 studio
950 884 1093 948 incitato.

90 968 141 1032 Ex
160 991 223 1052 quo
242 969 360 1052 triplex
377 969 433 1033 ille
452 969 552 1033 animi
573 968 658 1034 fetus
676 970 804 1052 existet,
826 992 909 1034 unus
932 971 967 1057 in
986 972 1093 1055 cogni-

91 1057 178 1120 tione
205 1077 312 1119 rerum
338 1057 463 1138 positus
487 1059 520 1119 et
545 1057 579 1120 in
602 1057 815 1139 explicatione
836 1061 984 1142 naturae,
1012 1060 1095 1123 alter

91 1144 125 1207 in
154 1143 359 1225 discriptione
391 1144 638 1225 expetendarum
670 1144 955 1231 fugiendarumque
987 1168 1094 1210 rerum

91 1235 120 1294 et
140 1232 312 1295 iuratione
329 1230 471 1313 vivendi,
492 1231 608 1295 tertius
626 1230 659 1293 in
682 1230 864 1315 iudicando,
888 1233 964 1316 quid
981 1235 1094 1316 cuique

91 1318 139 1381 rei
157 1318 201 1382 sit
219 1339 424 1401 consequens,
442 1318 518 1401 quid
535 1337 728 1400 repugnans,
751 1319 785 1382 in
803 1340 866 1402 quo
887 1320 971 1383 inest
989 1323 1093 1384 omnis

92 1427 164 1469 cum
183 1406 344 1470 subtilitas
368 1404 554 1487 disserendi,
578 1409 647 1468 tum
666 1405 784 1468 veritas
807 1405 977 1470 iudicandi.
1023 1406 1092 1481 Quo
1112 1421 1146 1468 69

92 1492 221 1556 tandem
244 1493 344 1576 igitur
366 1493 483 1577 gaudio
508 1491 601 1556 adfici
622 1513 752 1555 necesse
775 1495 825 1555 est
849 1494 1003 1575 sapientis
1027 1494 1094 1558 ani-

93 1601 180 1642 mum
204 1580 349 1644 cumbis
377 1579 578 1644 habitantem
603 1582 906 1663 pernoctantemque
934 1581 1031 1644 curis!
1059 1585 1095 1645 ut

92 1688 163 1730 cum
190 1667 290 1731 totius
313 1667 424 1731 mundi
450 1670 557 1731 motus
585 1666 870 1750 conversionesque
895 1669 1095 1750 perspexerit

92 1754 259 1837 sideraque
278 1754 395 1819 viderit
415 1754 665 1818 innumerabilia
686 1754 773 1818 caelo
797 1754 999 1818 inhaerentia
1022 1777 1093 1818 cum

92 1843 160 1905 eius
179 1842 280 1924 ipsius
295 1845 385 1907 motu
398 1863 573 1926 congruere
587 1842 682 1906 certis
702 1841 800 1905 infixa
815 1841 952 1924 sedibus,
972 1845 1094 1925 septem

92 1929 157 1993 alia
179 1950 254 1993 suos
277 1950 420 2013 quaeque
447 1933 554 1993 tenere
578 1950 687 1993 cursus
710 1928 848 1993 multum
875 1929 959 1992 inter
981 1951 1015 1993 se
1038 1933 1094 1993 aut

92 2016 262 2080 altitudine
282 2019 338 2080 aut
355 2017 538 2081 humilitate
557 2016 721 2098 distantia,
739 2038 876 2099 quorum
892 2017 968 2101 vagi
986 2020 1093 2081 motus

91 2108 164 2167 rata
180 2107 290 2167 tamen
308 2106 341 2167 11
354 2108 443 2168 certa
459 2105 509 2168 sui
523 2126 634 2168 cursus
653 2104 759 2186 spatia
777 2103 937 2167 definiant.
969 2103 1093 2168 Horum

90 2192 242 2255 nimirum
270 2195 417 2274 aspectus
444 2192 574 2274 impulit
604 2191 679 2255 illos
706 2193 829 2255 veteres
858 2195 890 2254 et
921 2191 1094 2274 admonuit,

90 2281 129 2342 ut
145 2278 239 2361 plura
257 2281 454 2361 quaererent.
485 2278 563 2342 Inde
580 2281 630 2342 111
648 2277 812 2360 indagatio
830 2281 909 2341 nata
927 2279 1093 2343 initiorum

92 2369 125 2430 et
146 2371 311 2448 tamquam
334 2365 504 2447 seminum,
527 2363 610 2427 unde
632 2368 740 2428 essent
763 2365 870 2428 omnia
893 2368 977 2445 orta,
999 2384 1093 2447 gene-

90 2456 174 2536 rata,
200 2455 359 2535 concreta,
387 2472 530 2535 quaeque
552 2451 704 2533 cuiusque
727 2450 854 2533 generis
878 2451 929 2513 vel
958 2451 1092 2513 inanimi

91 2540 142 2604 vel
161 2540 335 2603 animantis
358 2539 411 2603 vel
428 2539 509 2602 muti
532 2537 583 2602 vel
605 2536 767 2620 loquentis
789 2537 893 2620 origo,
916 2559 997 2620 quae
1015 2538 1092 2618 vita,

91 2627 145 2711 qui
164 2627 312 2691 interitus
331 2647 473 2710 quaeque
491 2646 529 2689 ex
548 2623 613 2689 alio
631 2625 666 2687 in
683 2624 770 2688 aliud
788 2623 976 2687 vicissitudo
997 2627 1093 2707 atque

91 2715 241 2797 mutati0,
277 2714 360 2779 unde
395 2717 482 2777 terra
518 2717 550 2777 et
588 2711 704 2796 quibus
735 2710 855 2774 librata
889 2709 1093 2793 ponderibuS,

91 2802 206 2884 quibus
229 2802 374 2865 cavernis
397 2802 500 2864 maria
518 2800 750 2880 sustineantur,
773 2797 963 2881 quaomnia
986 2797 1093 2861 delata

91 2888 251 2971 gravitate
273 2888 414 2952 medium
436 2887 546 2951 mundi
568 2887 674 2950 locum
697 2906 824 2969 semper
846 2887 1009 2967 expetant,
1037 2884 1091 2967 qui

91 2978 140 3037 111
161 2974 248 3036 idem
270 2975 398 3038 infimus
424 2975 458 3039 in
480 2973 626 3038 rotundo.

155 3058 245 3124 Haec
270 3061 426 3126 tractanti
454 3061 561 3126 animo
588 3064 621 3124 et
645 3063 756 3124 noctes
780 3063 813 3122 et
839 3059 906 3123 dies
935 3059 1092 3142 cogitanti
1102 3027 1145 3155 ἓξ

89 3149 200 3213 existit
221 3148 277 3213 illa
299 3169 321 3212 o
343 3148 402 3213 deo
425 3146 561 3232 Delphis
584 3150 756 3231 praecepta
778 3146 933 3230 cognitio,
960 3151 998 3211 ut
1019 3147 1093 3230 ipsa

89 3258 124 3301 se
152 3258 241 3301 mens
269 3239 423 3320 agnoscat
449 3235 717 3318 coniunctamque
749 3255 820 3298 cum
849 3234 958 3298 divina
987 3239 1092 3298 mente

90 3347 123 3389 se
143 3325 273 3406 sentiat,
297 3346 335 3388 ex
353 3344 416 3406 quo
435 3322 615 3387 insatiabili
637 3321 754 3406 gaudio
774 3322 980 3404 compleatur.
1016 3320 1093 3404 Ipsa

89 3412 175 3476 enim
202 3411 357 3497 cogitatio
385 3410 423 3475 de
450 3410 484 3475 11
510 3412 542 3473 11
568 3413 683 3473 natura
715 3409 846 3472 deorum
874 3410 1015 3474 studium
1045 3409 1092 3471 in-

88 3501 196 3565 cendit
217 3500 305 3564 illius
330 3498 553 3564 aeternitatem
573 3496 722 3561 imitandi
748 3517 851 3580 neque
876 3519 910 3561 se
932 3497 967 3561 in
989 3495 1092 3560 brevi·
