2476 3848
524 173 763 238 -150—

142 342 221 406 tudo
239 365 334 406 usum
352 364 478 426 quoque
497 341 822 426 exercitationemque
836 341 1006 407 desiderat.
1033 343 1144 428 Atque

143 431 184 495 ab
211 430 252 493 iis
279 431 388 513 rebus,
416 451 498 513 quae
525 432 601 493 sunt
628 429 663 492 in
688 429 757 493 iure
785 429 949 494 societatis
973 430 1143 515 humanae,

143 539 238 601 quem
266 518 307 581 ad
334 517 463 582 modum
491 517 627 581 ducatur
652 516 838 601 honestum,
871 539 909 581 ex
937 539 1001 601 quo
1029 522 1143 602 aptum

143 609 192 669 est
216 604 370 689 officium,
394 605 474 669 satis
496 605 563 668 fere
587 604 733 668 diximus.

91 726 122 775 61
207 708 466 794 Intellegendum
489 712 597 773 autem
625 711 691 791 est,
714 730 786 773 oum
808 710 978 794 proposita
1001 711 1067 775 sint
1091 733 1143 797 ge-

141 819 220 861 nera
239 800 402 880 quattuor,
421 819 437 861 e
457 796 572 880 quibus
591 796 744 860 honestas
764 795 968 881 officiumque
986 804 1143 884 manaret,

143 883 440 969 splendidissimum
466 883 582 966 videri,
610 884 695 966 quod
718 883 825 948 animo
849 906 968 970 magno
993 887 1143 972 elatoque

142 973 363 1054 humanasque
395 993 446 1035 res
479 970 674 1055 despiciente
704 970 828 1036 factum
861 973 912 1036 sit.
961 972 1077 1058 Itaque
1108 975 1144 1039 in

141 1059 270 1210 prppsrtis
301 1058 439 1123 maxime
468 1059 514 1122 in·
532 1062 688 1143 promptu
719 1062 782 1144 est,
814 1059 843 1123 si
875 1059 952 1144 quid
983 1062 1049 1126 tale
1081 1063 1143 1129 dici

141 1167 270 1315 po‘Vos
299 1251 410 1336 enim,
441 1249 613 1334 iuvenes,
640 1250 804 1315 animum
837 1252 977 1336 geritis
1010 1254 1144 1319 mulie·
1194 1314 1200 1323 .

535 1339 654 1423 brem,
676 1337 763 1402 illa’
787 1339 880 1424 virgo
904 1339 1011 1405 ‘viri'

142 1448 175 1508 et
199 1444 324 1528 siquid
349 1445 539 1509 eiusmodi:

187 1538 417 1624 Salmacida,
445 1541 570 1625 spolia
594 1537 676 1605 sine
700 1541 837 1605 sudore
861 1545 898 1605 et
922 1541 1115 1625 sanguine.

143 1635 326 1720 Contraque
348 1637 384 1701 in
405 1636 567 1720 laudibus,
591 1657 672 1719 quae
691 1657 810 1721 magno
830 1636 937 1702 animo
961 1639 994 1700 et
1011 1637 1143 1703 fortiter

143 1726 399 1809 excellenterque
422 1728 515 1808 gesta
539 1728 628 1806 sunt,
651 1744 689 1788 ea
711 1725 819 1789 nescio
843 1746 906 1808 quo
930 1725 1025 1788 modo
1049 1728 1143 1809 quasi

48 1877 51 1884 ,
142 1813 286 1896 pleniore
318 1833 373 1876 ore
404 1811 581 1875 laudamus.
634 1809 720 1875 Hinc
750 1812 917 1876 rhetorum
945 1834 1077 1897 campus
1104 1815 1143 1878 de

142 1899 348 1982 Marathone,
367 1896 543 1981 Salamine,
560 1897 716 1982 Plataeis,
730 1898 970 1984 Thermopylis,
988 1900 1142 1985 Leuctris,

142 1986 213 2050 biae
234 1991 346 2051 noster
368 1984 493 2069 Cocles,
515 1985 591 2051 hino
613 1985 718 2070 Decii,
740 1987 815 2052 hinc
838 1986 895 2052 On.
914 1992 947 2052 et
968 1987 1004 2052 P.
1023 1986 1142 2071 Scipio·

142 2094 212 2157 nes,
235 2073 310 2138 hinc
323 2073 366 2138 M.
379 2073 564 2157 Marcellus,
581 2073 831 2140 innumerabiles
850 2074 919 2158 alii,
942 2075 1143 2159 maximeque

142 2161 212 2245 ipse
243 2162 382 2246 populus
414 2161 579 2226 Romanus
616 2163 716 2226 animi
752 2163 974 2248 magnitudine
1006 2164 1142 2228 excellit.

142 2248 335 2314 Declaratur
358 2252 466 2314 eutem
490 2250 631 2314 studium
654 2250 790 2315 bellicae
809 2251 946 2335 gloriae,
971 2250 1056 2334 quod
1079 2255 1143 2316 sta·

144 2340 218 2401 tuas
242 2358 367 2420 quoque
390 2337 535 2400 videmus
558 2342 675 2402 ornatu
696 2337 764 2402 fere
787 2338 931 2403 militari.

92 2420 132 2483 19
208 2438 272 2504 Sed
294 2462 332 2505 ea
355 2440 454 2505 animi
476 2441 587 2525 elati0,
611 2463 692 2524 quae
715 2440 855 2506 cernitur
877 2441 913 2506 in
934 2441 1086 2526 periculis
1110 2446 1143 2507 et

90 2497 122 2546 62
144 2529 325 2613 laboribus,
348 2529 377 2592 si
398 2529 525 2593 iustitia
546 2533 642 2594 vacet
659 2533 847 2614 pugnatque
869 2550 936 2593 non
952 2550 1012 2613 pro
1036 2530 1142 2594 salute

142 2617 317 2699 communi,
345 2617 400 2681 sed
427 2638 486 2700 pro
515 2617 580 2680 suis
604 2616 794 2699 commodis,
820 2617 855 2681 in
875 2616 956 2680 vitio
979 2620 1044 2700 est3
1076 2638 1143 2680 non
1178 2665 1181 2671 .

142 2706 237 2770 modo
262 2705 347 2769 enim
368 2704 402 2768 id
424 2704 555 2768 virtutis
576 2725 644 2768 non
666 2708 728 2787 est,
756 2704 813 2768 sed
839 2707 889 2767 est
910 2703 1019 2787 potius
1042 2705 1143 2768 inma-

141 2794 255 2858 nitatis
279 2815 406 2857 omnem
424 2792 659 2856 humanitatem
677 2791 872 2875 repellentis.
908 2789 1023 2875 Itaque
1040 2793 1143 2876 probe

143 2882 294 2945 definitur
321 2903 340 2944 a
363 2878 479 2944 Stoicis
506 2879 676 2962 fortitudo,
706 2901 778 2943 cum
801 2901 872 2944 eam
894 2878 1050 2944 virtutem
1074 2901 1143 2944 esse

143 2968 253 3032 dicunt
266 2971 525 3052 propugnantem
539 2988 599 3050 pro
615 2966 786 3050 aequitate.
804 2965 961 3041 Quocirca
973 2989 1078 3050 nemo,
1089 2967 1144 3050 qui

141 3055 344 3119 fortitudinis
364 3054 502 3138 gloriam
521 3058 710 3118 consecutus
734 3057 784 3118 est
802 3054 928 3118 insidiis
952 3058 985 3118 et
1008 3055 1142 3136 malitia,

143 3142 272 3205 laudem
294 3145 344 3205 est
367 3142 515 3225 adeptus,
537 3141 620 3204 nihil
639 3141 725 3206 enim
743 3141 918 3207 honestum
936 3163 1006 3206 esse
1023 3144 1142 3225 potest,

88 3245 125 3294 63
144 3230 230 3380 gligod
250 3229 380 3343 ,iustitia
400 3231 508 3379 vacat.l
537 3227 744 3331 Praeclarum
766 3230 868 3316 igitur
885 3227 1142 3379 illudtPlatonits:

144 3320 776 3490 a.tt.ttttssl...latablata
797 3336 1144 3489 detestat}

98 3576 100 3581 Ι
143 3497 203 3558 est
232 3492 477 3578 appellanda,
504 3514 633 3557 verum
661 3493 779 3558 etiam
805 3491 953 3558 animus
985 3494 1144 3577 paratus
