2476 3848
474 185 714 259 ..445-¹

93 352 207 416 beatus
230 353 335 417 nollet
358 375 436 418 esse
472 350 599 417 Satisne
622 353 749 417 videtur
771 353 950 418 declarasse
973 353 1094 438 Diony-

92 440 160 504 sius
186 439 270 504 nihil
297 462 366 505 esse
394 441 423 504 ei
455 442 599 522 beatum,
627 442 676 505 cui
706 462 832 524 semper
861 441 961 525 aliqui
991 446 1097 507 terror

91 527 296 610 impendeat?
346 526 454 613 Atque
481 528 511 592 ei
537 550 579 592 ne
605 529 768 614 integrum
798 528 926 612 quidem
950 533 1032 612 erat,
1058 535 1096 595 ut

92 614 133 678 ad
164 615 322 680 iustitiam
353 616 559 716 remigraret,
590 616 713 681 civibus
745 616 928 680 libertatem
961 618 1034 681 et
1024 639 1096 681 rura
1133 659 1135 662 -

91 702 300 786 redderet3
277 725 318 767 us
347 703 433 768 enim
461 726 494 768 se
518 703 701 769 adulescens
729 703 898 788 inprovida
921 726 957 768 ae
958 705 1059 768 tate
1048 726 1095 768 m-

91 789 224 854 retierat
246 791 360 855 erratis
383 813 482 875 eaque
505 792 723 874 commiserat,
748 796 786 856 ut
808 792 915 856 salvus
939 813 1096 857 essenon

90 882 213 961 posset,
236 878 263 942 si
287 900 382 943 sanus
406 900 476 944 esse
499 880 667 963 coepisset

158 966 363 1049 Quantopere
381 988 457 1032 vero
479 967 638 1031 amicitias
661 966 868 1054 desideraret,
891 989 1025 1052 quarum
1048 968 1094 1031 in·
1105 944 1147 1070 ²⁶3

90 1053 280 1117 fidelitatem
321 1054 562 1136 extimescebat,
603 1042 824 1119 declaravit
813 1078 846 1119 1n
884 1055 1094 1207 Pythagoriis

90 1142 216 1206 duobus
243 1142 323 1222 illis,
350 1163 485 1224 quorum
509 1163 581 1214 cum
605 1142 743 1206 alterum
765 1142 878 1206 vadem
905 1147 991 1208 mort
992 1145 1019 1208 is
1044 1166 1095 1207 ac-

90 1229 242 1312 cepisset,
279 1229 325 1292 alt
311 1233 373 1310 ter,
408 1232 445 1292 ut
480 1229 593 1292 vadem
630 1251 722 1293 suum
758 1230 925 1312 liberaret,
965 1234 1095 1313 praesto

90 1317 205 1382 fuisset
228 1316 268 1380 ad
291 1317 403 1381 horam
426 1316 539 1380 mortis
564 1315 769 1398 destinatam,
801 1316 972 1382 ‘Utinam
997 1317 1095 1402 ego',

90 1404 208 1488 inquit,
227 1403 383 1468 ‘tertius
401 1404 510 1468 vobis
530 1404 673 1468 amiens
692 1403 962 1468 adscribererl'
991 1403 1094 1480 Quam

89 1491 165 1555 huic
203 1496 273 1556 erat
310 1491 461 1555 miserum
498 1512 604 1554 carere
646 1491 874 1555 consuetudine
910 1492 1095 1574 amicorum,

92 1579 245 1644 societate
277 1579 394 1659 victus,
431 1600 576 1642 sermone
609 1579 738 1643 omnino
770 1578 938 1662 familiari,
969 1578 1094 1642 homini

90 1667 279 1749 pracsertim
303 1666 396 1730 docto
421 1688 440 1729 a
462 1687 561 1749 puero
586 1668 619 1729 et
640 1667 763 1729 artibus
786 1667 933 1750 ingenuis
957 1666 1094 1730 erudito!

89 1754 287 1819 Musicorum
320 1776 396 1818 vero
425 1753 674 1836 perstudiosum,
705 1756 833 1837 po'e'tam
865 1755 963 1817 etiam
995 1753 1095 1837 tragi-

89 1864 162 1906 cum
185 1839 296 1926 (quam
314 1841 448 1923 bonum,
470 1841 551 1905 nihil
572 1841 611 1904 ad
629 1863 711 1923 rem3
733 1842 766 1904 in
789 1842 850 1906 hoo
868 1842 954 1905 enim
977 1862 1094 1925 genere

90 1929 199 1994 nescio
227 1951 290 2012 quo
317 1933 412 2012 pacto
441 1928 545 2014 magis
574 1951 671 2013 quam
698 1928 732 1992 in
760 1929 831 1992 aliis
860 1950 952 1993 suum
981 1933 1094 2012 cuique

91 2017 260 2100 pulchrum
289 2020 347 2080 est.
396 2017 511 2081 Adhuc
537 2018 699 2081 neminem
726 2017 860 2100 eognovi
888 2020 1017 2100 potitam
1046 2013 1095 2100 (et

90 2103 171 2167 mihi
200 2104 262 2167 fuit
289 2125 361 2168 cum
388 2104 530 2188 Aquinio
554 2102 724 2189 amicitia),
752 2104 807 2186 qui
830 2104 980 2168 sibinen
1003 2106 1094 2185 optu-

89 2214 162 2255 mus
181 2192 352 2254 videretur.
388 2188 441 2254 Sic
459 2212 493 2254 se
513 2212 564 2254 res
586 2191 696 2255 habet:
722 2194 754 2254 te
772 2195 841 2271 tua,
865 2213 916 2254 me
934 2190 1096 2255 delectant

89 2276 176 2362 mea)
202 2313 240 2323 -
266 2278 321 2341 sed
348 2281 385 2341 ut
409 2276 449 2340 ad
471 2275 664 2359 Dionysium
687 2279 866 2359 redeamus,
894 2278 982 2343 omni
1005 2278 1094 2342 cultu

92 2370 125 2429 et
146 2366 232 2430 victu
255 2365 396 2428 hnmano
421 2365 562 2445 carebat,
588 2365 716 2428 vivebat
739 2385 810 2428 eum
833 2364 994 2448 fugitivis,
1022 2386 1094 2427 oum

90 2452 294 2535 facinerosis,
316 2474 388 2515 cum
411 2451 572 2531 barbaris3
595 2456 768 2532 neminem,
791 2451 845 2534 qui
866 2454 923 2514 aut
945 2451 1094 2514 libertate

90 2541 209 2624 dignus
228 2544 314 2604 esset
333 2542 389 2602 aut
406 2539 505 2602 vellet
523 2538 653 2601 omnino
671 2537 755 2600 liber
773 2558 852 2620 esse,
875 2537 937 2601 sibi
957 2537 1095 2601 amicum

89 2627 179 2691 arbit
165 2629 321 2692 t.rabatur

157 2713 230 2779 Non
260 2737 319 2800 ego
346 2714 411 2779 iam
440 2735 510 2777 cum
538 2713 632 2776 huius
659 2711 705 2774 ιιι
708 2733 739 2793 a,
772 2733 834 2794 qua
860 2711 1009 2792 taetrius,
1036 2711 1095 2773 mi·
1105 2689 1148 2753 23

91 2803 210 2883 serius,
233 2803 337 2866 detest
323 2802 456 2866 tabilius
476 2800 657 2885 excogitare
675 2799 757 2862 nihil
779 2819 925 2883 possum,
948 2797 1023 2861 Plat
1008 2766 1148 2862 tonis⁶⁴

89 2892 149 2951 aut
175 2889 336 2971 Archytae
362 2889 465 2953 vitam
493 2888 700 2971 comparabo,
730 2886 896 2950 doctorum
928 2884 1095 2949 hominum

94 2975 244 3056 etplaue
268 2976 475 3059 sapientium3
499 2997 537 3039 ex
560 2976 670 3040 eadem
689 2974 767 3037 urbe
786 2970 942 3036 humilem
961 2972 1095 3036 homun-

88 3061 200 3124 culum
228 3083 247 3123 a
273 3062 403 3143 pulvere
427 3066 460 3126 et
485 3063 574 3127 radio
603 3062 762 3142 exo1tab0,
790 3060 844 3144 qui
870 3061 980 3124 multis
1005 3062 1095 3125 annis

92 3151 169 3232 post
185 3148 256 3229 fuit,
274 3148 507 3213 Archimedem.
545 3146 641 3214 Cuius
662 3169 722 3232 ego
741 3149 919 3233 quaestor'
909 3152 1040 3233 rgnorat
1042 3172 1094 3212 um

93 3238 133 3301 ab
157 3196 378 3320 Syracusanis,
408 3257 481 3299 cnm
504 3258 573 3300 esse
596 3237 726 3300 omnino
749 3238 918 3319 negarent,
948 3241 1094 3321 saeptum

92 3325 231 3409 undique
255 3326 287 3387 et
309 3322 463 3387 vestitum
480 3323 630 3406 vepribus
655 3327 687 3386 et
710 3323 848 3388 dumetis
872 3324 1023 3410 indagavi
1047 3344 1094 3386 se·

92 3413 247 3512 pulcrum.
296 3409 457 3474 Tenebam
490 3411 575 3474 enim
609 3411 766 3511 quosdam
794 3413 983 3488 senariolos,
1014 3431 1094 3492 quos

86 3500 127 3562 in
159 3500 238 3565 eius
258 3500 465 3563 monumento
497 3522 566 3565 esse
598 3498 770 3581 inscriptos
805 3519 1002 3582 acceperam,
1039 3497 1095 3579 qui
1112 3542 1154 3630 Ι
