2476 3848
479 183 720 248 -131-

100 345 231 409 lendum
253 348 303 409 est
326 345 494 428 aequabile
517 348 551 409 et
572 347 789 430 temperatum
812 326 969 411 cr'ationis
993 366 1104 433 genus.

100 432 145 496 Et
172 433 206 497 id
233 432 361 515 quidem
386 433 508 497 nemini
534 432 628 498 video
652 431 850 498 Graecorum
878 433 981 499 adhuc
1004 434 1104 499 conti·

101 520 202 605 gisse,
229 523 267 585 ut
288 520 374 584 idem
395 524 533 603 utroque
552 520 590 593 in
613 541 730 605 genere
753 520 936 586 elaboraret
959 543 1104 605 sequere·

100 611 217 691 turquc
240 612 273 672 et
294 607 378 672 illud
398 607 527 673 forense
546 607 670 672 dicendi
693 611 726 672 et
748 608 810 673 hcc
829 608 974 691 quietum
997 609 1103 694 dispu-

100 695 192 759 tandi
219 716 333 780 genus,
360 695 425 760 nisi
450 695 537 761 forte
563 695 750 760 Demetrius
777 695 954 761 Phalereus
980 696 1015 761 in
1041 698 1104 762 hoc

99 805 232 848 numero
255 783 369 848 haberi
390 787 514 869 potest,
537 783 721 868 disputator
744 784 889 868 subtilis,
916 787 1026 850 orator
1048 805 1104 869 pa·

100 894 172 935 rum
194 871 380 954 vehemens,
403 871 505 936 dulcis
527 874 650 954 tamen,
672 875 710 936 ut
728 870 946 957 Theophrasti
968 872 1104 957 discipu·

100 960 168 1022 lum
185 959 291 1044 possis
311 979 494 1045 agnoscere.
530 957 600 1023 Nos
620 963 728 1023 autem
748 963 904 1042 quantum
917 960 952 1024 in
965 963 1103 1043 utroque

100 1045 346 1131 profecerimus,
379 1047 518 1112 aliorum
545 1047 588 1110 sit
619 1047 785 1130 iudicium,
816 1051 989 1131 utrumque
1016 1051 1102 1113 certe

102 1134 203 1198 secuti
226 1156 344 1199 sumus.
380 1134 540 1219 Equidem
563 1138 596 1198 66
608 1134 780 1200 Platonem
803 1135 975 1219 existumo,
999 1135 1028 1201 si
1050 1151 1139 1221 gra-4

100 1243 161 1285 nus
188 1221 316 1287 forense
339 1222 465 1288 dicendi
490 1226 633 1287 tractare
659 1223 829 1305 voluisset,
857 1223 1047 1308 gravissime
1070 1225 1104 1288 et

101 1309 324 1393 copiosissime
345 1311 490 1394 potuisse
513 1309 631 1393 dicere,
655 1313 687 1373 et
701 1309 969 1394 Demosthenem,
989 1311 1018 1375 si
1035 1311 1103 1394 illa,

102 1418 184 1480 quae
203 1396 372 1462 aPlatone
390 1397 559 1481 didicerat,
581 1397 739 1462 tenuisset
763 1401 796 1462 et
817 1399 1027 1483 pronuntiare
1050 1418 1104 1463 vo·

102 1485 229 1568 luisset,
248 1487 361 1550 ornate
380 1485 608 1570 splendideque
626 1484 732 1549 facere
750 1486 909 1569 potuisse3
929 1486 1103 1569 eodemque

101 1573 197 1637 modo
225 1572 263 1637 de
286 1573 465 1638 Aristotele
493 1576 526 1637 et
547 1572 691 1638 Isocrate
717 1572 838 1655 iudice,
860 1594 996 1656 quorum
1019 1576 1104 1637 uter-

101 1683 162 1744 que
185 1681 242 1726 suo
267 1660 373 1726 studio
397 1661 574 1725 delectatus
597 1660 793 1744 contempsit
815 1661 963 1724 alterurn.

166 1746 229 1812 Sed
260 1771 333 1813 cum
366 1748 554 1813 statuissem
586 1748 726 1813 scribere
758 1748 800 1812 ad
830 1751 863 1812 te
891 1747 1013 1831 aliquid
1042 1748 1145 1813 hoc2

100 1840 259 1920 tempore,
285 1837 390 1900 multa
415 1836 567 1921 posthac,
590 1837 631 1900 ab
659 1857 696 1900 eo
724 1836 823 1900 ordiri
846 1836 983 1901 maxime
1007 1835 1104 1919 volui,

101 1925 184 2007 quod
216 1928 248 1987 et
278 1924 380 1988 aetati
408 1927 484 1988 tuac
511 1928 597 1989 esset
624 1923 828 2006 aptissimum
856 1928 889 1988 ct
917 1923 1104 1989 auctoritati

100 2033 199 2077 meae.
235 2010 413 2077 Nemeum
432 2012 536 2076 multa
559 2012 625 2076 sint
646 2012 681 2075 in
703 2011 911 2096 philosophia
934 2015 967 2076 ct
990 2011 1103 2097 gravia

101 2103 135 2162 66
155 2099 252 2163 661116
274 2103 422 2164 accurate
445 2099 637 2183 copioseque
660 2121 680 2164 6
701 2099 906 2184 philosophis
930 2099 1104 2184 disputata,

100 2186 258 2251 latissime
280 2190 390 2271 patere
412 2187 562 2252 videntur
585 2209 635 2271 ea,
663 2209 745 2271 quae
772 2187 811 2252 dc
840 2187 954 2252 officiis
982 2187 1104 2252 traditu

102 2274 143 2338 66
170 2274 237 2338 illis
267 2278 300 2339 66
332 2279 505 2359 praecepta
537 2278 621 2340 sunt.
666 2274 767 2339 Nulla
800 2275 884 2339 enim
912 2275 999 2340 vitae
1027 2296 1103 2358 pars

100 2383 203 2445 neque
226 2361 363 2446 publicis
385 2384 488 2446 neque
510 2362 647 2447 privatis
670 2384 773 2446 neque
795 2361 977 2427 forensibus
1000 2383 1104 2445 neque

102 2449 285 2515 domesticis
308 2450 343 2514 in
365 2451 474 2533 rebus,
496 2471 599 2532 neque
618 2450 647 2514 si
664 2454 771 2515 tecum
790 2470 869 2534 eges
894 2450 978 2533 quid,
1000 2470 1104 2533 neque

101 2537 129 2601 si
152 2559 225 2602 cum
247 2538 350 2602 altero
374 2537 560 2620 contrahas,
581 2559 696 2602 vacare
719 2535 826 2602 officio
848 2540 971 2621 potest,
997 2537 1032 2600 in
1054 2557 1104 2601 eo·

100 2646 161 2708 que
185 2629 219 2690 66
241 2625 375 2690 colendo
395 2625 458 2689 sita
475 2624 563 2690 vitae
582 2629 633 2689 eat
650 2625 804 2689 honestes
823 2623 928 2688 omnis
947 2626 980 2686 et
997 2624 1105 2707 negle-

102 2713 206 2797 gendo
229 2713 407 2797 turpitudo.
452 2712 560 2796 Atque
587 2712 667 2777 haec
697 2711 826 2794 quidem
849 2710 997 2793 quaestio
1021 2724 1139 2774 cum-u

100 2801 206 2865 munis
244 2805 295 2864 cst
332 2800 476 2864 omnium
507 2800 789 2884 philosophorum
825 2798 896 2881 quis
930 2801 979 2862 est
1009 2797 1104 2882 enim,

101 2889 157 2970 qni
177 2888 277 2952 nullis
301 2887 400 2953 officii
422 2888 603 2972 praeceptis
627 2886 792 2952 tradendis
815 2886 1047 2971 philosophum
1070 2906 1104 2951 sc

100 2976 217 3041 audeat
240 2976 366 3041 dicere?
403 2973 466 3040 Sed
488 2980 564 3040 sunt
581 2997 648 3039 non
669 2975 779 3039 nullae
802 2974 998 3059 disciplinae,
1022 2995 1104 3058 quae

99 3064 276 3149 propositis
299 3064 459 3128 bonorum
481 3063 693 3128 etmalorum
711 3062 830 3128 finibus
850 3062 991 3128 officium
1010 3084 1104 3128 omne

99 3156 295 3236 pervertant.
339 3150 427 3216 Nam
455 3151 510 3235 qui
537 3173 697 3216 summum
725 3151 845 3216 bonum
879 3151 925 3220 sic
951 3151 1104 3235 inst'tuit,

99 3243 136 3304 ut
159 3240 242 3304 nihil
270 3240 390 3304 habeat
417 3261 489 3304 curn
517 3239 638 3304 virtute
666 3239 886 3325 coniunctum,
912 3239 1009 3323 idque
1037 3239 1104 3304 suis

101 3327 292 3411 commodis,
322 3349 388 3392 non
414 3327 584 3392 honestate
611 3327 754 3411 metitur,
781 3327 846 3412 hic,
878 3327 907 3392 si
938 3327 1001 3391 sibi
1034 3327 1104 3411 ipse

100 3416 282 3480 consentiat
305 3419 338 3480 et
359 3437 426 3480 non
447 3415 610 3481 interdum
628 3419 764 3481 naturae
783 3415 929 3481 bonitate
946 3415 1105 3498 vincatur,

99 3524 203 3587 neque
226 3503 402 3570 amicitiam
425 3504 529 3568 colere
551 3503 656 3593 possit
683 3525 743 3570 nec
764 3503 923 3569 iustitiam
944 3523 1004 3568 nec
1026 3501 1105 3566 libe·

911 3604 950 3665 q!
