2476 3848
482 80 725 173 4343-

90 285 142 348 est
165 281 205 345 ab
226 281 376 363 amando,
400 298 508 345 amare
526 283 636 344 sutem
656 278 740 344 nihil
763 282 813 343 est
836 278 924 344 aliud
940 274 1006 343 nisi
1024 301 1096 344 eum

89 370 198 455 ipsum
226 368 372 453 diligere,
405 389 500 452 quem
528 388 630 450 ames,
660 367 752 432 nulla
782 366 974 453 indigentia,
1005 368 1097 431 nulla

89 457 236 522 utilitate
259 456 420 540 quaesita3
443 476 525 540 quae
547 459 658 520 tamen
679 455 752 539 ipsa
770 454 948 520 ecflorescit
966 476 1004 518 ex
1019 455 1097 519 ami-

91 545 182 628 citia,
215 544 344 608 etiamsi
369 547 407 608 tu
434 565 506 608 eam
533 543 639 607 minus
672 547 799 608 secutus
827 543 881 606 sis.
925 541 996 606 Hac
1022 563 1082 607 nos
1099 556 1149 605 101

92 633 313 698 adulescentes
336 631 556 696 benivolentia
579 652 671 695 senes
698 631 790 712 illoc,
817 629 853 694 L.
875 628 1026 713 Paulum,
1054 630 1096 694 M.

90 719 258 803 Catonem,
282 718 316 784 Ο.
340 717 468 803 Galum,
493 719 528 784 Ρ.
552 717 718 802 Nasicam,
744 718 791 783 Ti.
815 717 1009 796 Gracchum,
1032 715 1097 782 Sci-

90 808 198 894 pionis
230 806 336 872 nostri
362 829 523 891 socerum,
555 807 738 890 dileximus,
766 807 847 870 haec
870 806 968 870 etiam
991 806 1096 891 magis

91 897 197 960 elucet
220 896 305 960 inter
328 896 492 979 aequales,
523 899 561 959 ut
586 894 671 959 inter
698 916 750 960 me
778 897 811 959 et
834 891 1030 977 Scipionem,
1061 892 1097 958 L.

91 983 234 1067 Furium,
256 983 291 1048 P.
314 983 489 1067 Rupilium,
513 981 566 1068 Sp.
579 982 779 1047 Mummium.
811 981 965 1047 Vicissim
987 986 1097 1047 autem

93 1093 185 1136 senes
212 1072 247 1134 in
275 1071 527 1137 adulescentium
554 1071 691 1135 caritate
718 1071 965 1154 adquiescimus
996 1074 1034 1136 ut
1062 1071 1097 1135 in

91 1164 210 1243 vestra,
233 1162 270 1222 ut
292 1160 327 1223 in
350 1158 385 1234 Q.
409 1159 602 1242 Tuberonis,
629 1158 777 1242 equidem
799 1159 899 1223 etiam
924 1158 1096 1225 admodum

93 1247 308 1312 adulescentis
337 1246 372 1311 P.
400 1246 517 1329 Rutili,
554 1246 593 1309 A.
620 1245 758 1331 Vergini
788 1246 1013 1312 familiaritate
1046 1249 1097 1311 de·

92 1335 203 1400 lector.
236 1334 458 1418 Quoniamque
480 1335 529 1398 ita
551 1333 635 1398 ratio
659 1337 847 1418 comparata
870 1338 921 1398 est
938 1335 1025 1400 vitae
1043 1356 1097 1399 na·
1197 1401 1199 1405 ,

46 1488 50 1498 ,
91 1427 248 1506 turaeque
265 1426 405 1506 nostrae,
428 1426 465 1486 ut
479 1422 544 1486 alia
557 1442 595 1486 ea
607 1422 674 1486 aliu
692 1425 782 1487 aetas
797 1421 928 1505 oriatur,
947 1443 1096 1486 maxume

93 1512 222 1594 quidem
246 1511 424 1594 optandum
447 1513 505 1593 est,
527 1513 565 1573 ut
584 1531 655 1573 cum
679 1508 867 1592 aequalibus
890 1509 1006 1592 possis,
1029 1510 1096 1593 qui-

52 1625 56 1632 ’
92 1600 227 1663 buscum
250 1602 417 1682 tamquam
436 1620 453 1662 e
472 1597 653 1662 carceribus
672 1597 808 1660 emissus
828 1596 882 1680 sis,
903 1617 976 1660 cum
993 1596 1096 1661 isdem

93 1687 134 1750 ad
156 1687 290 1769 calcem,
321 1691 358 1750 ut
381 1686 510 1770 dicitur,
537 1684 713 1770 pervenire.
758 1682 821 1748 Sed
848 1683 999 1766 quoniam
1031 1705 1082 1748 res
1099 1695 1148 1744 102

92 1773 253 1837 humanae
275 1773 409 1860 fragiles
433 1774 633 1857 caducaeque
656 1775 746 1855 sunt,
770 1793 895 1856 semper
919 1771 1020 1854 aliqui
1043 1794 1096 1837 an-

94 1859 241 1942 quirendi
263 1866 351 1946 sunt,
376 1884 456 1945 quos
480 1863 653 1947 diligamus
672 1864 706 1926 et
729 1883 749 1924 a
771 1860 887 1944 quibus
909 1859 1097 1947 diligamur3

93 1946 229 2012 caritate
262 1949 347 2012 enim
378 1950 660 2033 benivolentiaque
697 1949 827 2012 sublata
863 1948 967 2012 omnis
1000 1952 1050 2012 est
1079 1971 1096 2013 e

93 2036 163 2099 vita
190 2034 320 2098 sublata
346 2037 537 2102 iucunditas.
581 2037 663 2101 Mihi
686 2037 815 2120 quidem
838 2035 957 2120 Scipio,
988 2059 1097 2120 quam·

94 2144 191 2205 quam
211 2125 260 2185 est
279 2123 387 2188 subito
407 2129 546 2209 ereptus,
563 2125 646 2189 vivit
659 2128 770 2190 tamen
789 2146 978 2209 semperque
996 2125 1097 2209 vivet,

93 2210 248 2274 virtutem
276 2210 361 2273 enim
389 2212 496 2276 amavi
522 2212 611 2276 illius
638 2212 713 2291 viri,
746 2234 826 2295 quae
859 2214 1001 2277 extincta
1031 2235 1098 2277 non

95 2301 160 2379 est3
188 2319 247 2361 nec
274 2297 354 2360 mihi
387 2298 449 2361 soli
480 2302 629 2362 versatur
659 2303 734 2363 ante
761 2301 886 2383 oculos,
918 2301 974 2383 qui
1005 2301 1097 2365 illam

95 2406 220 2469 semper
256 2384 290 2446 in
321 2384 470 2447 manibus
502 2385 615 2468 habui,
648 2386 704 2448 sed
735 2387 834 2450 etiam
863 2388 1003 2470 posteris
1036 2389 1097 2451 erit

94 2472 182 2536 clara
197 2475 229 2534 et
247 2470 394 2557 insignis.
421 2469 525 2536 Nemo
540 2494 694 2555 umquam
709 2472 816 2536 animo
832 2476 888 2536 aut
903 2495 959 2557 spe
973 2475 1097 2538 maiora

94 2559 260 2644 suscipiet,
288 2559 344 2642 qui
367 2559 429 2623 sibi
451 2581 517 2623 non
539 2559 627 2622 illius
652 2559 841 2623 memoriam
864 2563 961 2642 atque
984 2560 1096 2645 imagi-

92 2668 167 2710 nem
185 2648 426 2731 proponendam
444 2650 546 2731 putet.
577 2646 736 2730 Equidem
752 2668 790 2710 ex
810 2646 958 2710 omnibus
977 2647 1149 2731 rebuS,103

94 2755 174 2817 quas
198 2735 278 2798 mihi
302 2740 358 2799 aut
379 2735 511 2799 fortuna
534 2738 590 2799 aut
608 2738 725 2799 natura
743 2733 868 2817 tribuit,
886 2732 968 2796 nihil
982 2732 1096 2818 habeo,

94 2822 179 2904 quod
207 2844 279 2886 cum
312 2822 455 2888 amicitia
482 2821 640 2907 Scipionis
667 2823 790 2907 possim
818 2842 1014 2905 comparare.
1057 2821 1098 2885 In

92 2908 153 2973 hac
176 2909 256 2972 mihi
280 2910 318 2974 de
341 2933 375 2974 re
398 2911 529 2995 publica
551 2932 740 2994 consensus,
763 2911 798 2974 in
820 2910 881 2974 hac
903 2930 1011 2972 rerum
1024 2910 1097 2993 ‘pri-

91 3000 242 3061 vatarum
265 2998 448 3082 consilium,
480 2999 514 3062 in
541 2999 653 3063 eadem
680 2998 806 3082 requies
832 2998 929 3081 plena
957 2997 1096 3062 oblecta*

91 3084 189 3148 tionis
217 3085 289 3149 fuit.
334 3084 520 3170 Numquam
547 3087 641 3150 illum
663 3108 704 3151 ne
736 3085 870 3150 minima
902 3084 1030 3168 quidem
1063 3107 1097 3149 re

91 3172 218 3255 offendi,
242 3172 327 3255 quod
351 3174 479 3256 quidem
498 3174 661 3257 senserim,
679 3174 761 3238 nihil
781 3172 889 3238 audivi
908 3195 946 3237 ex
965 3196 1002 3239 eo
1019 3173 1097 3258 ipse,

91 3260 177 3342 quod
207 3262 343 3344 nollem3
375 3283 440 3325 una
466 3262 579 3326 domus
612 3265 696 3345 erat,
732 3261 817 3326 idem
849 3261 969 3346 vietus,
1005 3262 1097 3346 isque

90 3348 283 3432 communis,
301 3370 405 3432 neque
430 3350 534 3414 solum
557 3350 689 3433 militia,
713 3349 769 3414 sed
792 3349 890 3414 etiam
913 3350 1097 3436 peregrina-

88 3433 194 3499 tiones
219 3436 509 3521 rusticationesque
533 3459 726 3503 communes.
758 3435 844 3502 Nam
869 3437 945 3522 quid
964 3459 1024 3524 ego
1044 3438 1083 3503 de
1099 3451 1176 3630 1*
