<?xml version="1.0" encoding="UTF-8"?>
<!DOCTYPE html PUBLIC "-//W3C//DTD XHTML 1.0 Transitional//EN"
    "http://www.w3.org/TR/xhtml1/DTD/xhtml1-transitional.dtd">
<html xmlns="http://www.w3.org/1999/xhtml" xml:lang="en" lang="en">
 <head>
  <title>
</title>
<meta http-equiv="Content-Type" content="text/html;charset=utf-8" />
  <meta name='ocr-system' content='tesseract 3.04.00' />
  <meta name='ocr-capabilities' content='ocr_page ocr_carea ocr_par ocr_line ocrx_word'/>
</head>
<body>
  <div class='ocr_page' id='page_1' title='image "./cicerosphilosop01cicegoog_0539.png"; bbox 0 0 2476 3848; ppageno 0'>
   <div class='ocr_carea' id='block_1_1' title="bbox 531 145 769 208">
    <p class='ocr_par' dir='ltr' id='par_1_1' title="bbox 531 145 769 208">
     <span class='ocr_line' id='line_1_1' title="bbox 531 145 769 208; baseline 0 0"><span class='ocrx_word' id='word_1_1' title='bbox 531 145 769 208; x_wconf 86' lang='lat'>-414-</span> 
     </span>
    </p>
   </div>
   <div class='ocr_carea' id='block_1_2' title="bbox 189 301 1161 475">
    <p class='ocr_par' dir='ltr' id='par_1_2' title="bbox 189 301 1161 475">
     <span class='ocr_line' id='line_1_2' title="bbox 189 301 1161 386; baseline 0.001 -19"><span class='ocrx_word' id='word_1_2' title='bbox 189 301 395 369; x_wconf 73' lang='lat' dir='ltr'>Reddenda</span> <span class='ocrx_word' id='word_1_3' title='bbox 412 306 538 367; x_wconf 91' lang='lat' dir='ltr'>terrae</span> <span class='ocrx_word' id='word_1_4' title='bbox 558 305 616 367; x_wconf 87' lang='lat' dir='ltr'>est</span> <span class='ocrx_word' id='word_1_5' title='bbox 633 305 749 386; x_wconf 76' lang='lat' dir='ltr'>terra,</span> <span class='ocrx_word' id='word_1_6' title='bbox 772 306 852 367; x_wconf 89' lang='lat' dir='ltr'>tum</span> <span class='ocrx_word' id='word_1_7' title='bbox 869 303 951 367; x_wconf 86' lang='lat' dir='ltr'>vita</span> <span class='ocrx_word' id='word_1_8' title='bbox 974 301 1161 371; x_wconf 79' lang='lat' dir='ltr'>omnibus</span> 
     </span>
     <span class='ocr_line' id='line_1_3' title="bbox 189 388 1111 475; baseline 0.002 -21"><span class='ocrx_word' id='word_1_9' title='bbox 189 390 380 472; x_wconf 84' lang='lat' dir='ltr'>Mete&#39;nda,</span> <span class='ocrx_word' id='word_1_10' title='bbox 404 395 446 455; x_wconf 89' lang='lat' dir='ltr'>ut</span> <span class='ocrx_word' id='word_1_11' title='bbox 467 390 610 475; x_wconf 84' lang='lat' dir='ltr'>fruges.</span> <span class='ocrx_word' id='word_1_12' title='bbox 656 388 718 455; x_wconf 82' lang='lat' dir='ltr'>Sic</span> <span class='ocrx_word' id='word_1_13' title='bbox 740 389 848 454; x_wconf 91' lang='lat' dir='ltr'>iubet</span> <span class='ocrx_word' id='word_1_14' title='bbox 870 389 1111 456; x_wconf 74' lang='lat' dir='ltr'>Necessitas.</span> 
     </span>
    </p>
   </div>
   <div class='ocr_carea' id='block_1_3' title="bbox 91 547 1158 634">
    <p class='ocr_par' dir='ltr' id='par_1_3' title="bbox 91 547 1158 634">
     <span class='ocr_line' id='line_1_4' title="bbox 91 547 1158 634; baseline 0 -19"><span class='ocrx_word' id='word_1_15' title='bbox 91 565 126 615; x_wconf 80' lang='lat' dir='ltr'>oo</span> <span class='ocrx_word' id='word_1_16' title='bbox 144 547 298 634; x_wconf 75' lang='lat' dir='ltr'>Negabat</span> <span class='ocrx_word' id='word_1_17' title='bbox 319 569 421 634; x_wconf 87' lang='lat' dir='ltr'>genus</span> <span class='ocrx_word' id='word_1_18' title='bbox 444 548 507 614; x_wconf 88' lang='lat' dir='ltr'>hoc</span> <span class='ocrx_word' id='word_1_19' title='bbox 530 548 687 614; x_wconf 85' lang='lat' dir='ltr'>orationis</span> <span class='ocrx_word' id='word_1_20' title='bbox 707 549 878 632; x_wconf 91' lang='lat' dir='ltr'>quicquam</span> <span class='ocrx_word' id='word_1_21' title='bbox 898 549 1029 614; x_wconf 92' lang='lat' dir='ltr'>omnino</span> <span class='ocrx_word' id='word_1_22' title='bbox 1049 549 1092 613; x_wconf 89' lang='lat' dir='ltr'>ad</span> <span class='ocrx_word' id='word_1_23' title='bbox 1109 548 1158 615; x_wconf 85' lang='lat' dir='ltr'>le-</span> 
     </span>
    </p>
   </div>
   <div class='ocr_carea' id='block_1_4' title="bbox 141 635 1158 1688">
    <p class='ocr_par' dir='ltr' id='par_1_4' title="bbox 141 635 1158 1688">
     <span class='ocr_line' id='line_1_5' title="bbox 144 635 1158 722; baseline -0.001 -20"><span class='ocrx_word' id='word_1_24' title='bbox 144 637 285 702; x_wconf 85' lang='lat' dir='ltr'>vandam</span> <span class='ocrx_word' id='word_1_25' title='bbox 305 636 538 722; x_wconf 77' lang='lat' dir='ltr'>aegritudinem</span> <span class='ocrx_word' id='word_1_26' title='bbox 556 637 725 722; x_wconf 86' lang='lat' dir='ltr'>pertinere.</span> <span class='ocrx_word' id='word_1_27' title='bbox 761 635 799 701; x_wconf 94' lang='lat' dir='ltr'>Id</span> <span class='ocrx_word' id='word_1_28' title='bbox 818 638 902 701; x_wconf 91' lang='lat' dir='ltr'>enim</span> <span class='ocrx_word' id='word_1_29' title='bbox 920 638 1028 719; x_wconf 91' lang='lat' dir='ltr'>ipsum</span> <span class='ocrx_word' id='word_1_30' title='bbox 1043 637 1158 702; x_wconf 88' lang='lat' dir='ltr'>dolen-</span> 
     </span>
     <span class='ocr_line' id='line_1_6' title="bbox 144 724 1157 809; baseline 0.001 -20"><span class='ocrx_word' id='word_1_31' title='bbox 144 725 219 790; x_wconf 90' lang='lat' dir='ltr'>dum</span> <span class='ocrx_word' id='word_1_32' title='bbox 243 746 314 790; x_wconf 88' lang='lat' dir='ltr'>esse</span> <span class='ocrx_word' id='word_1_33' title='bbox 332 725 470 808; x_wconf 88' lang='lat' dir='ltr'>dicebat,</span> <span class='ocrx_word' id='word_1_34' title='bbox 493 725 576 809; x_wconf 91' lang='lat' dir='ltr'>quod</span> <span class='ocrx_word' id='word_1_35' title='bbox 599 725 634 789; x_wconf 94' lang='lat' dir='ltr'>in</span> <span class='ocrx_word' id='word_1_36' title='bbox 656 728 727 789; x_wconf 66' lang='lat' dir='ltr'>tam,</span> <span class='ocrx_word' id='word_1_37' title='bbox 747 724 906 789; x_wconf 84' lang='lat' dir='ltr'>crudelem</span> <span class='ocrx_word' id='word_1_38' title='bbox 923 725 1157 790; x_wconf 88' lang='lat' dir='ltr'>necessitatem</span> 
     </span>
     <span class='ocr_line' id='line_1_7' title="bbox 144 812 1156 896; baseline 0.001 -20"><span class='ocrx_word' id='word_1_39' title='bbox 144 813 382 896; x_wconf 80' lang='lat' dir='ltr'>incidissemus3</span> <span class='ocrx_word' id='word_1_40' title='bbox 404 834 483 877; x_wconf 88' lang='lat' dir='ltr'>nam</span> <span class='ocrx_word' id='word_1_41' title='bbox 498 813 588 877; x_wconf 87' lang='lat' dir='ltr'>illam</span> <span class='ocrx_word' id='word_1_42' title='bbox 612 813 741 896; x_wconf 89' lang='lat' dir='ltr'>quidem</span> <span class='ocrx_word' id='word_1_43' title='bbox 760 812 937 878; x_wconf 89' lang='lat' dir='ltr'>orationem</span> <span class='ocrx_word' id='word_1_44' title='bbox 955 835 995 877; x_wconf 86' lang='lat' dir='ltr'>ex</span> <span class='ocrx_word' id='word_1_45' title='bbox 1015 833 1156 879; x_wconf 86' lang='lat' dir='ltr'>comme-</span> 
     </span>
     <span class='ocr_line' id='line_1_8' title="bbox 143 900 1154 966; baseline 0.002 -2"><span class='ocrx_word' id='word_1_46' title='bbox 143 901 322 966; x_wconf 81' lang='lat' dir='ltr'>moratione</span> <span class='ocrx_word' id='word_1_47' title='bbox 355 901 532 965; x_wconf 89' lang='lat' dir='ltr'>alienorum</span> <span class='ocrx_word' id='word_1_48' title='bbox 570 901 727 964; x_wconf 91' lang='lat' dir='ltr'>malorum</span> <span class='ocrx_word' id='word_1_49' title='bbox 760 900 799 964; x_wconf 91' lang='lat' dir='ltr'>ad</span> <span class='ocrx_word' id='word_1_50' title='bbox 837 901 1005 966; x_wconf 86' lang='lat' dir='ltr'>malivolos</span> <span class='ocrx_word' id='word_1_51' title='bbox 1037 922 1154 966; x_wconf 89' lang='lat' dir='ltr'>conso-</span> 
     </span>
     <span class='ocr_line' id='line_1_9' title="bbox 142 986 1156 1072; baseline 0.002 -20"><span class='ocrx_word' id='word_1_52' title='bbox 142 989 256 1054; x_wconf 91' lang='lat' dir='ltr'>landos</span> <span class='ocrx_word' id='word_1_53' title='bbox 280 1010 349 1053; x_wconf 87' lang='lat' dir='ltr'>esse</span> <span class='ocrx_word' id='word_1_54' title='bbox 373 988 657 1053; x_wconf 88' lang='lat' dir='ltr'>accommodatam.</span> <span class='ocrx_word' id='word_1_55' title='bbox 703 986 786 1052; x_wconf 90' lang='lat' dir='ltr'>Mihi</span> <span class='ocrx_word' id='word_1_56' title='bbox 809 1009 884 1053; x_wconf 84' lang='lat' dir='ltr'>vero</span> <span class='ocrx_word' id='word_1_57' title='bbox 907 989 1005 1072; x_wconf 90' lang='lat' dir='ltr'>longe</span> <span class='ocrx_word' id='word_1_58' title='bbox 1024 988 1156 1054; x_wconf 84' lang='lat' dir='ltr'>videtur</span> 
     </span>
     <span class='ocr_line' id='line_1_10' title="bbox 144 1074 1154 1141; baseline 0.002 -2"><span class='ocrx_word' id='word_1_59' title='bbox 144 1074 265 1140; x_wconf 85' lang='lat' dir='ltr'>secus.¹</span> <span class='ocrx_word' id='word_1_60' title='bbox 296 1075 381 1140; x_wconf 91' lang='lat' dir='ltr'>Nam</span> <span class='ocrx_word' id='word_1_61' title='bbox 413 1079 446 1139; x_wconf 89' lang='lat' dir='ltr'>et</span> <span class='ocrx_word' id='word_1_62' title='bbox 476 1076 652 1139; x_wconf 82' lang='lat' dir='ltr'>necessitas</span> <span class='ocrx_word' id='word_1_63' title='bbox 685 1075 833 1140; x_wconf 89' lang='lat' dir='ltr'>ferendae</span> <span class='ocrx_word' id='word_1_64' title='bbox 864 1075 1060 1141; x_wconf 88' lang='lat' dir='ltr'>condicionis</span> <span class='ocrx_word' id='word_1_65' title='bbox 1093 1076 1154 1141; x_wconf 91' lang='lat' dir='ltr'>hu·</span> 
     </span>
     <span class='ocr_line' id='line_1_11' title="bbox 143 1163 1154 1248; baseline 0.002 -22"><span class='ocrx_word' id='word_1_66' title='bbox 143 1185 258 1227; x_wconf 88' lang='lat' dir='ltr'>manae</span> <span class='ocrx_word' id='word_1_67' title='bbox 281 1163 374 1247; x_wconf 92' lang='lat' dir='ltr'>quasi</span> <span class='ocrx_word' id='word_1_68' title='bbox 403 1184 474 1228; x_wconf 88' lang='lat' dir='ltr'>eum</span> <span class='ocrx_word' id='word_1_69' title='bbox 502 1163 561 1229; x_wconf 88' lang='lat' dir='ltr'>deo</span> <span class='ocrx_word' id='word_1_70' title='bbox 588 1183 732 1247; x_wconf 86' lang='lat' dir='ltr'>pugnare</span> <span class='ocrx_word' id='word_1_71' title='bbox 758 1164 911 1248; x_wconf 88' lang='lat' dir='ltr'>prohibet</span> <span class='ocrx_word' id='word_1_72' title='bbox 937 1164 1154 1248; x_wconf 85' lang='lat' dir='ltr'>admonetque</span> 
     </span>
     <span class='ocr_line' id='line_1_12' title="bbox 143 1251 1152 1336; baseline 0.002 -21"><span class='ocrx_word' id='word_1_73' title='bbox 143 1272 217 1315; x_wconf 79' lang='lat' dir='ltr'>csso</span> <span class='ocrx_word' id='word_1_74' title='bbox 240 1251 417 1335; x_wconf 88' lang='lat' dir='ltr'>hominem,</span> <span class='ocrx_word' id='word_1_75' title='bbox 449 1273 530 1335; x_wconf 89' lang='lat' dir='ltr'>quae</span> <span class='ocrx_word' id='word_1_76' title='bbox 558 1251 715 1335; x_wconf 83' lang='lat' dir='ltr'>cogitatio</span> <span class='ocrx_word' id='word_1_77' title='bbox 747 1272 865 1336; x_wconf 87' lang='lat' dir='ltr'>magno</span> <span class='ocrx_word' id='word_1_78' title='bbox 898 1273 994 1335; x_wconf 84' lang='lat' dir='ltr'>opere</span> <span class='ocrx_word' id='word_1_79' title='bbox 1025 1251 1152 1316; x_wconf 87' lang='lat' dir='ltr'>luctum</span> 
     </span>
     <span class='ocr_line' id='line_1_13' title="bbox 142 1339 1150 1423; baseline 0.001 -20"><span class='ocrx_word' id='word_1_80' title='bbox 142 1339 243 1423; x_wconf 83' lang='lat' dir='ltr'>levat,</span> <span class='ocrx_word' id='word_1_81' title='bbox 276 1343 309 1403; x_wconf 92' lang='lat' dir='ltr'>et</span> <span class='ocrx_word' id='word_1_82' title='bbox 341 1339 538 1404; x_wconf 86' lang='lat' dir='ltr'>enumeratio</span> <span class='ocrx_word' id='word_1_83' title='bbox 570 1339 804 1422; x_wconf 87' lang='lat' dir='ltr'>exemplorum,</span> <span class='ocrx_word' id='word_1_84' title='bbox 839 1361 905 1404; x_wconf 91' lang='lat' dir='ltr'>non</span> <span class='ocrx_word' id='word_1_85' title='bbox 936 1344 973 1404; x_wconf 90' lang='lat' dir='ltr'>ut</span> <span class='ocrx_word' id='word_1_86' title='bbox 1005 1339 1150 1404; x_wconf 89' lang='lat' dir='ltr'>animum</span> 
     </span>
     <span class='ocr_line' id='line_1_14' title="bbox 143 1427 1153 1512; baseline 0.001 -21"><span class='ocrx_word' id='word_1_87' title='bbox 143 1428 369 1492; x_wconf 86' lang='lat' dir='ltr'>malivolorum</span> <span class='ocrx_word' id='word_1_88' title='bbox 388 1427 536 1509; x_wconf 88' lang='lat' dir='ltr'>oblectet,</span> <span class='ocrx_word' id='word_1_89' title='bbox 557 1427 709 1510; x_wconf 87' lang='lat' dir='ltr'>adfertur,</span> <span class='ocrx_word' id='word_1_90' title='bbox 733 1427 787 1491; x_wconf 86' lang='lat' dir='ltr'>sed</span> <span class='ocrx_word' id='word_1_91' title='bbox 806 1427 925 1509; x_wconf 83' lang='lat' dir='ltr'>utillo,</span> <span class='ocrx_word' id='word_1_92' title='bbox 944 1429 999 1511; x_wconf 91' lang='lat' dir='ltr'>qni</span> <span class='ocrx_word' id='word_1_93' title='bbox 1018 1433 1153 1512; x_wconf 88' lang='lat' dir='ltr'>maeret,</span> 
     </span>
     <span class='ocr_line' id='line_1_15' title="bbox 141 1514 1153 1600; baseline 0.002 -22"><span class='ocrx_word' id='word_1_94' title='bbox 141 1514 311 1580; x_wconf 85' lang='lat' dir='ltr'>ferundum</span> <span class='ocrx_word' id='word_1_95' title='bbox 331 1515 394 1580; x_wconf 93' lang='lat' dir='ltr'>sibi</span> <span class='ocrx_word' id='word_1_96' title='bbox 413 1516 445 1580; x_wconf 93' lang='lat' dir='ltr'>id</span> <span class='ocrx_word' id='word_1_97' title='bbox 460 1519 597 1600; x_wconf 85' lang='lat' dir='ltr'>censeat,</span> <span class='ocrx_word' id='word_1_98' title='bbox 616 1515 700 1600; x_wconf 91' lang='lat' dir='ltr'>quod</span> <span class='ocrx_word' id='word_1_99' title='bbox 719 1515 828 1580; x_wconf 85' lang='lat' dir='ltr'>videat</span> <span class='ocrx_word' id='word_1_100' title='bbox 844 1515 966 1580; x_wconf 89' lang='lat' dir='ltr'>multos</span> <span class='ocrx_word' id='word_1_101' title='bbox 984 1516 1153 1580; x_wconf 86' lang='lat' dir='ltr'>moderate</span> 
     </span>
     <span class='ocr_line' id='line_1_16' title="bbox 142 1604 513 1688; baseline 0 -20"><span class='ocrx_word' id='word_1_102' title='bbox 142 1607 176 1668; x_wconf 88' lang='lat' dir='ltr'>et</span> <span class='ocrx_word' id='word_1_103' title='bbox 194 1605 370 1688; x_wconf 88' lang='lat' dir='ltr'>tranquille</span> <span class='ocrx_word' id='word_1_104' title='bbox 391 1604 513 1669; x_wconf 89' lang='lat' dir='ltr'>tulisse.</span> 
     </span>
    </p>
   </div>
   <div class='ocr_carea' id='block_1_5' title="bbox 0 0 1242 3848">
    <p class='ocr_par' dir='ltr' id='par_1_5' title="bbox 0 0 1242 3848">
     <span class='ocr_line' id='line_1_17' title="bbox 0 0 1242 3848; baseline 0 3"><span class='ocrx_word' id='word_1_105' title='bbox 0 0 1242 3848; x_wconf 95' lang='lat' dir='ltr'> </span> 
     </span>
    </p>
   </div>
  </div>
 </body>
</html>
