2476 3848
516 973 647 1074 (trites
675 974 785 1074 buri).
913 915 916 921 ¹

412 1177 461 1231 De
485 1176 731 1232 contemnenda
753 1178 871 1231 morto.

571 1313 678 1386 1-4,
700 1313 728 1369 8.

210 1447 309 1512 bireto
335 1447 394 1527 gibt
423 1449 493 1528 tetur
515 1447 622 1526 llblicbt
640 1447 720 1526 lunt,
735 1447 778 1510 bie
797 1445 951 1527 potentine
965 1446 1154 1530 ilbiloiopbic

144 1534 225 1614 turci
238 1536 367 1615 gettbige
377 1537 598 1616 montodanum
612 1536 664 1599 teu
675 1535 802 1598 bttueru
816 1534 977 1615 cunductitii
988 1553 1020 1614 ὄπ
1030 1535 1154 1615 morter.

567 1691 726 1700 —..-.—

211 1775 292 1841 Cum
315 1778 534 1842 defensionum
563 1777 729 1841 laboribus
757 1777 990 1859 senatoriisque
1014 1777 1152 1841 muneri·

143 1866 203 1929 bus
228 1869 284 1928 aut
307 1866 440 1928 omnino
464 1871 521 1928 aut
544 1885 662 1948 magna
680 1885 718 1927 cx
737 1867 830 1948 parte
854 1886 956 1928 essem
977 1862 1152 1947 aliquando

145 1953 313 2033 liberatus,
341 1952 452 2015 rettuli
474 1973 538 2033 mc,
567 1951 680 2032 Brute,
709 1954 741 2014 te
768 1951 921 2016 hortante
948 1952 1086 2015 maxime
1110 1953 1152 2015 ad

145 2060 182 2102 ea
210 2038 329 2121 studia,
362 2060 443 2121 quae
470 2042 598 2102 retenta
624 2039 745 2122 animo,
777 2038 914 2103 remissa
942 2039 1153 2122 temporibus,

144 2127 241 2209 longo
265 2125 436 2190 intervallo
460 2126 647 2190 intermissa
668 2127 832 2208 revocavi,
855 2129 888 2191 et
910 2147 982 2190 cum
1007 2125 1152 2190 omnium

145 2215 276 2296 artium,
313 2235 394 2296 quae
431 2214 471 2276 ad
503 2218 623 2278 rectam
661 2213 787 2278 vivendi
822 2214 908 2278 viam
943 2213 1153 2298 pertinerent,

145 2300 229 2365 ratio
253 2304 286 2364 et
310 2301 478 2383 disciplina
502 2301 607 2365 studio
632 2301 819 2384 sapientiae,
843 2322 923 2384 quae
946 2300 1153 2383 philosophia

144 2388 276 2470 dicitur,
305 2389 536 2477 contineretur,
568 2389 629 2453 hoc
661 2388 742 2452 mihi
768 2387 893 2452 Latinis
923 2388 1041 2452 litteris
1069 2388 1152 2452 inlu·

144 2474 309 2540 strandum
342 2476 466 2560 putavi,
501 2498 567 2540 non
604 2476 680 2559 quia
715 2475 923 2559 philosophia
956 2474 1085 2539 Graecis
1120 2481 1153 2539 et

144 2564 265 2627 litteris
294 2567 327 2627 et
354 2563 539 2628 doctoribus
567 2563 690 2646 percipi
717 2586 783 2628 non
810 2568 934 2646 posset,
961 2562 1017 2627 sed
1044 2583 1153 2626 meum

145 2671 271 2733 semper
293 2650 446 2715 iudicium
468 2651 531 2714 fuit
554 2651 663 2714 omnia
685 2653 816 2714 nostros
840 2654 897 2713 aut
915 2650 1076 2715 invenisse
1094 2671 1153 2733 per

145 2759 180 2802 se
200 2738 378 2822 sapientius
398 2760 493 2821 quam
509 2737 647 2803 Graecos
667 2746 723 2801 aut
742 2742 873 2819 accepta
892 2739 932 2802 ab
952 2738 1018 2801 illis
1036 2737 1153 2802 fecisse

145 2825 293 2908 meliora,
326 2847 406 2908 quae
439 2825 568 2907 quidem
600 2825 698 2910 digna
729 2824 931 2909 statuissent,
969 2825 1004 2887 in
1034 2825 1153 2908 quibus

145 2914 357 2978 elaborarent.
412 2911 498 2978 Nam
530 2933 635 2978 mores
669 2916 701 2976 et
732 2912 882 2976 instituta
919 2914 1005 2976 vitae
1037 2933 1154 2996 resque

147 3001 341 3064 domesticas
355 3021 392 3063 ac
410 3000 580 3064 familiaris
598 3022 659 3065 nos
677 3000 822 3082 profecto
841 3003 874 3064 et
891 3001 1005 3064 melius
1023 3003 1155 3064 tuemur

145 3090 178 3150 et
206 3088 339 3168 lautius,
370 3109 438 3150 rem
470 3109 544 3152 vcro
577 3088 738 3170 publicam
766 3089 870 3153 nostri
900 3088 1038 3152 maiores
1067 3092 1154 3152 certe

146 3174 334 3238 melioribus
353 3177 614 3257 temperaverunt
628 3179 662 3239 et
675 3176 834 3240 institutis
849 3181 881 3240 et
896 3176 1033 3261 legibus.
1070 3173 1155 3250 Quid

106 3387 108 3392 ·
239 3349 421 3432 valuerunt,
448 3353 516 3413 tum
544 3350 617 3433 plus
646 3351 745 3416 etiam
769 3351 947 3434 disciplina.
992 3351 1062 3415 Iam
1085 3351 1155 3433 illa,

92 3260 259 3501 ᾞιπ
283 3261 320 3324 de
344 3282 377 3323 re
396 3262 550 3326 militari?
573 3264 608 3326 in
630 3284 695 3347 qua
718 3286 789 3329 curn
810 3265 929 3328 virtute
951 3264 1055 3328 nostri
1074 3264 1155 3327 mul-

92 3507 118 3548 L

154 3447 168 3492 t
209 3456 227 3501 e
254 3440 384 3520 natura,
415 3458 482 3501 non
515 3437 631 3502 litteris
659 3439 804 3505 adsecuti
831 3443 919 3518 sunt,
949 3460 1054 3521 neque
1081 3460 1154 3502 cum
