2476 3848
477 182 718 247 -261-

134 350 271 435 Neque
295 349 380 415 dedi
401 371 528 435 neque
550 350 596 415 do
618 347 779 416 infideli
801 347 978 434 cuiquam

89 440 209 505 idcirco
231 441 319 504 recte
342 460 362 503 a
387 441 498 523 polita,
526 437 617 522 quia,
644 460 717 503 cum
743 441 941 504 tractaretur
966 438 1096 525 Atreus,

91 548 248 613 personae
278 524 482 591 serviendum
511 525 585 590 fuit.
630 523 692 591 Sed
720 526 748 591 si
779 526 841 591 hoc
870 527 934 592 sibi
960 532 1097 613 sument,

90 616 216 680 nullam
239 635 309 679 esse
331 614 441 698 fidem,
464 634 546 698 quae
567 613 691 678 infideli
712 613 789 679 data
811 614 865 699 sit,
885 615 1030 701 videant,
1056 638 1097 682 ne

93 706 268 787 quaeratur
280 703 408 767 latebra
421 701 571 787 periurio.
606 701 682 783 [Est
700 703 876 768 antemius
900 703 998 769 etiem
1017 705 1148 770 bel-107

92 792 191 857 licum
208 790 351 874 fidesque
368 790 449 854 iuris
466 789 595 855 iurandi
606 811 703 874 saepe
721 811 793 856 cum
807 790 901 856 hoste
916 793 1096 874 servanda]

93 879 186 954 Quod
208 878 294 943 enim
316 877 365 942 ita
385 878 528 944 iuratum
552 882 615 962 est,
641 881 680 943 ut
706 900 797 943 mens
822 879 1004 963 conciperet
1025 880 1097 945 fieri

94 970 254 1051 oportere,
275 965 309 1030 id
325 967 519 1031 sonandum
541 969 604 1050 est;
627 965 714 1050 quod
737 966 841 1050 aliter,
863 967 897 1031 id
920 967 948 1031 si
969 990 1035 1033 non
1052 968 1097 1034 ie·

93 1055 182 1138 cerit,
195 1054 322 1118 nullum
335 1056 385 1118 est
403 1053 587 1139 periurium.
618 1053 674 1138 Ut,
689 1054 717 1119 si
730 1054 946 1140 praedonibus
965 1060 1098 1142 pactum

92 1165 152 1228 pro
176 1142 282 1226 capite
304 1141 444 1226 pretium
466 1162 533 1206 non
555 1142 721 1227 attuleris,
750 1143 842 1208 nulla
863 1143 953 1208 fraus
978 1146 1035 1230 sit,
1057 1167 1097 1209 ne

93 1232 122 1296 si
143 1230 269 1295 iuratus
294 1229 423 1313 quidem
445 1229 480 1293 id
500 1250 567 1294 non
587 1229 717 1315 feccris3
739 1253 817 1296 nam
838 1231 947 1316 pirata
963 1254 1030 1298 non
1047 1236 1098 1298 est

93 1341 132 1383 ex
154 1317 368 1403 perduellium
390 1339 524 1382 numero
543 1317 704 1402 definitus,
721 1319 777 1383 sed
796 1319 973 1384 communis
991 1320 1097 1385 hostis

94 1407 251 1490 omnium3
283 1427 356 1471 cum
382 1405 444 1471 hoc
473 1426 532 1470 nec
552 1405 632 1469 fides
656 1406 751 1470 debet
772 1427 831 1472 neo
853 1407 904 1471 ius
926 1407 1098 1474 iurandum

95 1516 166 1559 esse
179 1515 355 1559 commune.
386 1491 463 1559 Non
477 1493 562 1558 enim
579 1492 699 1558 falsum
717 1493 824 1558 iurare
841 1494 1006 1577 periurare
1025 1499 1150 1577 cst,108

95 1581 159 1666 scd,
178 1581 264 1666 quod
281 1598 329 1646 nx
346 1599 447 1647 arum
464 1599 523 1647 rur
541 1597 736 1647 salernum
751 1580 878 1664 iuraris,
893 1582 975 1646 siout
989 1583 1096 1647 verbis

94 1670 274 1756 concipitur
297 1691 386 1735 more
407 1673 536 1753 nostro,
564 1668 598 1733 id
623 1667 816 1734 nonfacere
838 1669 1014 1754 periurium
1038 1673 1097 1737 est.

94 1757 180 1824 Scite
202 1758 288 1824 enim
310 1757 494 1842 Euripides:
1084 1771 1086 1775 ’

137 1846 268 1912 Iurdvi
290 1845 441 1932 lingua,
463 1847 628 1910 mentem
650 1844 863 1911 iniuratim
886 1867 985 1931 gero.

93 1935 238 2020 Regulus
274 1954 352 2000 vero
387 1954 454 1999 non
489 1933 600 1998 debuit
629 1932 831 1999 condiciones
867 1934 1097 2020 pactionesque

94 2023 229 2088 bellicas
261 2025 294 2087 et
319 2022 458 2086 hostiles
484 2022 675 2106 perturbare
701 2023 852 2107 periurio.
897 2020 979 2088 Cum
1009 2022 1097 2088 iusto

96 2110 180 2174 enim
203 2114 237 2174 et
258 2109 406 2194 legitimo
428 2108 523 2175 hoste
545 2130 597 2175 res
620 2111 802 2195 gerebatur,
825 2110 978 2176 adversus
1002 2133 1097 2194 quem

96 2201 128 2261 et
150 2202 257 2263 totum
278 2197 329 2262 ius
357 2197 470 2263 fetiale
498 2200 532 2262 et
562 2198 667 2262 multa
698 2203 773 2263 sunt
803 2199 876 2263 iura
908 2199 1098 2264 eommunia.

95 2283 188 2360 Quod
205 2285 240 2349 ni
256 2284 305 2349 ita
323 2289 418 2367 esset,
435 2307 611 2369 numquam
633 2286 737 2351 claros
758 2287 845 2351 viros
864 2290 994 2351 senatus
1013 2286 1098 2352 vine-

95 2376 148 2438 tos
170 2372 319 2438 hostibus
342 2373 524 2438 dedidisset.

156 2460 203 2525 At
224 2481 301 2526 vero
319 2459 356 2526 d.
368 2460 523 2526 Veturius
542 2463 574 2525 et
593 2458 647 2545 Sp.
664 2460 850 2526 Postumius
874 2482 947 2526 cum
965 2461 1083 2526 iterum
1107 2440 1150 2504 30

95 2550 243 2614 consules
262 2553 380 2633 essent,
399 2550 482 2634 quia,
506 2570 578 2613 eum
600 2549 687 2612 male
708 2552 890 2633 pugnatum
913 2548 998 2632 apud
1017 2516 1149 2613 Cau-¹⁰⁹
1209 2518 1213 2526 ’

95 2637 183 2702 dium
204 2640 299 2719 esset,
322 2637 505 2724 legionibus
517 2636 639 2701 nostris
654 2636 713 2700 sub
727 2636 840 2720 iugum
858 2635 966 2700 missis
984 2656 1098 2719 pacem

94 2746 166 2790 oum
182 2724 382 2791 Samnitibus
404 2725 556 2808 fecerant,
579 2722 678 2788 dediti
697 2727 773 2788 sunt
790 2722 847 2807 iis3
868 2722 993 2787 iniussu
1012 2722 1098 2787 enim

94 2813 208 2897 populi
239 2816 433 2896 senatusque
459 2811 612 2878 fecerant.
656 2809 841 2894 Eodemque
872 2813 1018 2894 tempore
1048 2809 1097 2874 Ti.

95 2898 272 2984 Numicius,
295 2899 331 2976 Q.
349 2900 494 2985 Maelius,
518 2899 573 2983 qui
595 2903 666 2964 tum
688 2898 812 2963 tribuni
830 2898 872 2982 pl.
887 2900 988 2981 erant,
1010 2899 1098 2982 quod

96 3009 207 3052 eorum
230 2987 423 3054 auctoritate
446 3010 510 3072 pax
532 2991 604 3053 erat
625 2986 722 3069 facta,
745 2986 844 3050 dediti
867 2989 956 3068 sunt,
978 2989 1016 3051 ut
1033 3009 1098 3071 pax
1147 3013 1150 3021 ·

94 3072 288 3140 Samnitium
311 3075 548 3160 repudiaretur3
579 3079 675 3159 atque
702 3074 798 3140 huius
826 3072 997 3140 deditionis
1026 3075 1097 3159 ipse

92 3163 290 3244 Postumius,
314 3164 369 3248 qui
390 3163 574 3245 dedebatur,
593 3183 707 3228 suasor
725 3167 758 3226 et
777 3167 889 3228 auctor
905 3162 978 3227 fuit.
1005 3160 1098 3238 Quod

93 3252 179 3316 idem
201 3251 315 3317 multis
339 3250 431 3317 annis
454 3254 529 3336 post
552 3249 586 3316 Ο.
607 3249 785 3335 Mancinus,
808 3251 881 3335 qui„
898 3253 936 3316 ut
954 3248 1098 3316 Numan-

93 3339 184 3422 tinis,
217 3339 408 3424 quibuscum
436 3338 504 3403 sine
531 3341 662 3403 senatus
693 3339 887 3404 auctoritate
912 3337 1026 3404 foedus
1053 3337 1099 3404 fe·

93 3430 191 3512 cerat,
214 3427 392 3512 dederetur,
414 3425 618 3512 rogationem
641 3427 746 3493 suasit
767 3449 855 3512 eam,
874 3424 1074 3511 queens
1130 3492 1135 3503 ¹

91 3514 167 3598 rius,
198 3512 269 3580 Sex.
291 3515 417 3582 Atilius
446 3537 487 3583 ex
510 3520 648 3588 senatus
676 3516 836 3588 consulto
858 3511 1046 3588 serenent„
1071 3523 1109 3580 ‘x
