2476 3848
473 170 710 236 -395-

91 330 288 413 aspeximus,
306 330 388 395 nihil
408 334 469 414 est,
489 330 582 414 quod,
600 334 637 395 ut
656 353 693 396 eo
713 331 885 414 potiamur,
902 352 968 395 non
986 330 1095 413 parati
1189 373 1190 376 =

91 419 191 482 simus
219 421 252 481 et
278 417 361 482 ferre
389 421 422 483 et
448 419 581 502 perpeti.
630 418 681 482 Ex
706 419 768 483 hoo
796 440 889 483 cursu
906 423 1013 503 atque
1036 418 1094 482 imr

89 508 165 589 petu
197 506 377 571 animorum
406 506 447 571 ad
473 528 582 571 veram
611 504 740 571 laudem
768 509 864 589 atque
890 504 1093 571 honestatem

89 593 148 657 illa
175 594 318 676 pericula
345 593 503 659 adeuntur
530 595 563 658 in
592 594 738 679 proeliis,
766 615 832 660 non
859 595 1003 659 sentiunt
1031 593 1094 657 viri

89 682 192 746 fortes
215 682 250 746 in
273 683 341 746 acie
363 682 510 765 volnera,
533 683 585 746 vel
608 683 763 766 sentiunt,
787 682 842 746 sed
864 682 946 747 mori
969 681 1094 746 malunt

90 791 186 853 quam
200 772 327 834 tantum
341 770 436 835 modo
451 768 490 834 de
509 770 679 854 dignitatis
694 769 795 855 gradu
814 770 986 835 demoveri.
1016 767 1093 834 Ful·
1111 775 1146 825 59

89 858 195 942 gentis
218 857 343 942 gladios
365 857 508 922 hostium
532 857 685 923 videbant
706 857 813 941 Decii>
841 878 913 923 oum
936 859 971 922 in
993 857 1094 922 aciem

90 967 199 1010 eorum
218 946 400 1010 inruebant.
431 945 492 1010 His
507 946 637 1011 levabat
651 967 779 1010 omnem
792 945 959 1010 volnerum
971 949 1094 1010 metum

89 1033 242 1097 nobilitas
261 1034 376 1098 mortis
394 1036 428 1097 et
449 1033 563 1118 gloria.
597 1033 686 1099 Num
703 1037 774 1098 tum
792 1033 987 1118 ingemuisse
1009 1034 1094 1118 Epa·

89 1121 277 1185 minondam
295 1124 401 1205 putas,
420 1143 491 1186 oum
508 1142 660 1186 unacum
675 1122 830 1206 sanguine
848 1122 949 1187 vitam
966 1121 1095 1186 effluere

89 1208 244 1273 sentiret?
301 1209 519 1293 Imperantem
546 1209 631 1273 enim
662 1210 800 1292 patriam
832 1207 1094 1275 Lacedaemoniis

89 1297 304 1381 relinquebat,
332 1319 428 1381 quam
457 1300 623 1381 acceperat
650 1298 849 1361 servientem.
898 1296 988 1362 Haec
1020 1300 1096 1362 sunt

90 1384 224 1467 solacia,
247 1385 328 1450 haee
350 1385 495 1449 fomenta
518 1407 716 1450 summorum
739 1385 893 1450 dolorum.

1103 1437 1147 1502 25

154 1471 266 1536 Dices:
293 1471 370 1558 quid
396 1473 431 1537 in
458 1493 549 1555 pace,
572 1471 649 1556 quid
671 1471 771 1573 domi,
799 1473 876 1572 quid
898 1473 933 1536 in
953 1471 1093 1536 lectulo?
1113 1513 1146 1562 60

90 1559 130 1630 ad
157 1561 370 1645 philosophos
397 1582 449 1624 me
476 1582 619 1644 revocas,
648 1559 760 1644 quim
787 1580 888 1623 amem
909 1581 976 1623 non
999 1581 1094 1642 saepe

89 1649 256 1731 prodeunt.
309 1649 338 1713 Ε
371 1649 487 1733 quibus
518 1647 617 1713 homo
649 1669 726 1711 sane
761 1647 855 1731 levis,
886 1647 1094 1712 Heracleotes

88 1737 282 1820 Dionysius,
305 1757 378 1802 oum
401 1736 566 1801 aZenone
587 1735 682 1801 fortis
705 1757 774 1800 esse
799 1735 976 1817 didicisset,
1000 1758 1019 1799 a
1041 1735 1095 1800 do-

89 1825 157 1889 lore
190 1825 341 1891 dedoctus
374 1827 430 1889 est.
484 1823 569 1889 Nam
599 1846 671 1889 oum
698 1845 735 1887 ex
762 1823 892 1888 renibus
923 1823 1095 1906 laboraret,

89 1913 160 1995 ipso
184 1913 217 1976 in
241 1913 364 1977 eiulatu
387 1913 577 1977 clamitabat
597 1912 682 1977 falsa
704 1933 774 1976 esse
797 1911 866 1994 illa,
896 1933 977 1996 quae
1001 1914 1096 1975 antea

90 1999 127 2063 de
157 2000 267 2064 dolore
289 2002 360 2084 ipse
383 2000 546 2066 sensisset.
597 1999 698 2078 Quem
726 2020 796 2064 oum
820 1998 993 2064 Cleanthes
1022 2020 1094 2063 con-

90 2087 265 2168 discipulus
293 2091 435 2170 rogaret,
465 2111 625 2172 quaenam
655 2087 738 2152 ratio
767 2109 839 2152 eum
866 2087 905 2151 de
935 2087 1096 2152 sententia

89 2173 288 2256 deduxisset,
334 2177 518 2258 respondit:
563 2174 693 2259 ‘Quia
734 2177 781 2260 si,
824 2197 905 2240 oum
947 2179 1094 2241 tantum

90 2281 228 2343 operae
256 2260 528 2346 philosophiae
552 2263 753 2344 dedissem,
777 2262 946 2328 dolorem
969 2267 1095 2328 tamen

89 2348 192 2411 ferre
211 2370 286 2411 non
303 2370 466 2433 possem,
485 2351 582 2415 satis
601 2353 704 2414 esset
722 2350 938 2435 argumenti
957 2351 1095 2415 malum

90 2458 174 2500 esse
202 2435 381 2501 dolorem.
429 2436 620 2502 Plurimos
650 2440 774 2501 autem
802 2460 919 2502 annos
946 2438 985 2501 in
1013 2437 1095 2521 phi-

90 2523 272 2608 losophia
298 2525 518 2608 consumpsi
545 2546 612 2589 nee
638 2523 739 2588 ferre
765 2546 933 2608 possum3
956 2526 1095 2589 malum

91 2618 151 2677 est
169 2613 292 2698 igitur
309 2611 439 2678 dolor?
471 2612 553 2677 Tum
569 2610 768 2696 Cleanthem,
787 2633 859 2676 cum
877 2612 957 2695 pede
975 2615 1096 2676 terram

91 2702 316 2784 percussisset,
338 2722 467 2765 versum
490 2723 528 2766 ex
551 2699 710 2786 Epigonis
732 2698 842 2764 ferunt
863 2699 994 2764 dixisse:

135 2822 306 2888 Audisne
324 2824 430 2908 haee,
449 2823 679 2908 Amphiarae
699 2823 766 2888 sub
782 2827 926 2887 terram
944 2822 1096 2887 dbdite?

93 2962 252 3027 Zenonem
271 2964 488 3048 significabat,
512 2985 531 3027 a
554 2984 617 3048 quo
636 2963 728 3028 illum
746 2964 938 3049 degenerare
957 2962 1097 3028 dolebat

91 3049 137 3114 At
158 3071 224 3114 non
245 3053 357 3114 noster
379 3050 585 3134 Posidonius,
608 3073 703 3137 quem
722 3055 755 3116 et
776 3052 845 3136 ipse
865 3072 960 3135 saepe
980 3050 1098 3117 vidiat
1116 3065 1147 3114 61

91 3139 123 3203 id
154 3139 270 3220 dicam,
300 3137 386 3220 quod
416 3138 541 3203 solebat
569 3161 701 3204 narrare
730 3139 916 3225 Pompeius,
945 3161 993 3224 se,
1025 3162 1099 3206 oum

91 3226 240 3291 Rhodum
268 3225 410 3289 venisset
436 3226 591 3291 decedens
619 3248 658 3292 ex
686 3227 793 3312 Syria,
821 3227 929 3293 audire
957 3229 1118 3296 voluisse?

92 3313 318 3397 Posidonium,
356 3312 411 3377 sed
447 3335 520 3379 oum
557 3315 700 3381 audisset
735 3338 808 3382 eum
845 3316 987 3403 graviter
1027 3336 1102 3382 essa

93 3424 242 3486 aegrum,
283 3401 367 3486 quod
407 3401 614 3468 vehementer
653 3404 721 3469 eius
766 3407 855 3470 artus
902 3406 1074 3470 laboraren

92 3490 230 3554 voluisse
248 3493 358 3555 tamen
371 3490 608 3556 nobilissimum
623 3490 852 3576 philosophum
866 3492 983 3576 visere,
1002 3512 1046 3575 qu
