2476 3848
526 180 764 246 -450..

143 336 366 402 beatissimum
394 338 492 402 etiam
523 338 678 402 dixerim?
730 337 883 404 Dolorem
911 359 986 403 vero
1018 339 1155 422 sapiens

144 425 351 490 extimescet?
373 425 402 490 is
422 427 507 490 enim
529 426 604 491 huic
622 427 761 492 maxime
779 426 955 492 sententiae
977 432 1153 513 repugnat.

143 513 228 579 Nam
246 518 358 579 contra
376 518 512 578 mortem
534 518 679 580 nostram
699 518 795 600 atque
814 517 999 579 nostrorum
1019 517 1152 580 contra·

143 623 205 685 que
224 602 457 686 aegritudinem
476 605 509 666 et
521 603 659 686 reliquas
675 602 774 668 animi
790 602 1052 686 perturbationes
1065 604 1152 669 satis

144 710 214 755 esse
227 689 372 754 videmur
390 690 589 773 superiorum
604 691 727 756 dierum
741 690 1013 773 disputationibus
1028 692 1153 757 armati
1167 759 1171 767 ,

143 782 177 843 et
198 779 316 862 parati3
342 777 435 842 dolor
453 799 522 841 esse
540 779 665 843 videtur
683 800 865 845 acerrumus
884 779 1013 843 virtutis
1038 778 1151 844 adver·

144 866 260 948 sarius3
296 865 325 930 is
363 865 509 930 ardentes
539 866 626 931 faces
664 867 817 950 intentat,
848 866 877 930 is
913 865 1152 951 fortitudinem,

144 953 398 1038 magnitudinem
419 954 530 1037 animi,
552 955 743 1036 patientiam
767 976 801 1020 se
821 953 1065 1019 debilitaturum
1089 955 1152 1020 mi·

92 1056 124 1103 77
144 1045 246 1105 natur.
296 1040 380 1104 Huic
406 1040 506 1125 igitur
532 1043 718 1108 succumbet
739 1043 854 1125 virtus,
878 1040 954 1106 huic
976 1041 1074 1107 beata
1098 1063 1151 1108 sa·

143 1128 261 1211 pientis
285 1132 317 1192 et
340 1130 519 1192 constantis
542 1130 603 1195 viri
625 1132 693 1196 rita
716 1128 829 1196 cedet?
874 1129 977 1206 Quam
998 1133 1107 1214 turpe,
1129 1153 1150 1196 o

144 1216 176 1280 di
198 1215 288 1281 boni!
323 1215 420 1281 Pueri
442 1215 623 1300 Spartiatae
646 1240 710 1283 non
732 1219 953 1303 ingemescunt
975 1217 1151 1285 verberum

144 1303 252 1370 dolore
287 1304 412 1369 laniati.
465 1305 728 1371 Adulescentium
761 1325 874 1391 greges
905 1304 1150 1372 Lacedaemone

144 1393 281 1458 vidimus
308 1392 371 1477 ipsi
397 1393 575 1459 incredibili
603 1394 806 1459 contentione
833 1393 987 1458 certantis
1017 1395 1151 1478 pugnis,

144 1480 298 1565 calcibus,
324 1482 499 1567 unguibus,
525 1505 635 1549 morsu
657 1482 805 1566 denique,
830 1503 902 1545 curu
926 1481 1150 1546 exanimaren-

143 1571 198 1632 tur
219 1569 320 1653 prius,
347 1590 443 1654 quam
464 1570 566 1635 victos
591 1593 625 1636 se
653 1571 840 1635 faterentur.
885 1567 973 1644 Quae
994 1569 1150 1634 barbaria

143 1656 236 1720 India
262 1657 385 1721 vastior
411 1659 468 1722 aut
495 1658 676 1743 agrestior?
706 1659 741 1722 in
764 1680 802 1722 ea
830 1661 940 1721 tamen
962 1659 1058 1740 gente
1078 1658 1149 1740 pri·

143 1767 232 1808 mum
255 1745 297 1827 ei,
320 1746 375 1828 qui
398 1745 557 1830 sapientes
580 1746 755 1828 habentur,
782 1745 859 1811 nudi
882 1748 1020 1808 aetatem
1044 1749 1150 1829 agunt

144 1836 177 1896 et
195 1829 328 1897 Caucasi
350 1833 440 1897 nives
463 1833 696 1918 hiemalemque
720 1835 785 1898 vim
808 1831 975 1917 perferunt
997 1832 1066 1897 sine
1089 1833 1149 1898 do·

143 1920 223 2003 lore,
250 1941 383 2002 cumque
406 1920 446 1984 ad
473 1921 636 1985 flammam
659 1943 692 1987 se
717 1921 970 2004 adplicaverunt,
999 1920 1068 1984 sine
1090 1940 1149 2005 ge·

91 2029 125 2078 78
144 2007 225 2071 mitu
257 2007 442 2072 aduruntur.
494 2008 645 2072 Mulieres
677 2031 752 2074 vero
783 2009 818 2073 in
848 2008 953 2091 India,
988 2028 1063 2072 cum
1095 2013 1149 2074 est

144 2095 320 2159 communis
344 2116 452 2159 earum
474 2096 525 2159 vir
547 2102 706 2179 mortuus,
733 2098 768 2160 in
791 2101 951 2162 certamen
976 2095 1149 2162 iudicium·

143 2203 204 2265 que
218 2181 358 2266 veniunt,
376 2205 472 2267 quam
489 2184 664 2267 plurimum
682 2184 737 2249 ille
756 2184 904 2249 dilexerit
922 2181 1043 2268 (plures
1059 2184 1148 2251 enim

144 2269 279 2354 singulis
300 2270 404 2335 solent
422 2293 491 2335 esse
510 2269 657 2357 nuptae);
681 2294 761 2357 quae
780 2277 829 2336 est
848 2271 974 2354 victrix,
997 2292 1036 2336 ea
1058 2272 1149 2337 laeta

142 2358 406 2441 prosequentibus
426 2361 493 2423 suis
510 2382 575 2424 una
593 2382 665 2424 cum
683 2361 752 2425 viro
772 2360 807 2423 in
825 2380 939 2445 rogum
957 2359 1148 2445 imponitur,

142 2447 199 2511 illa
224 2447 310 2512 victa
337 2451 461 2512 maesta
488 2447 630 2513 discedit.
678 2446 863 2531 Numquam
893 2449 1043 2511 naturam
1072 2468 1147 2513 mos

143 2536 295 2619 vinceret3
318 2539 368 2600 est
386 2536 470 2600 enim
494 2557 532 2600 ea
555 2558 681 2619 semper
697 2536 831 2620 invicta3
854 2534 909 2599 sed
927 2556 987 2600 nos
1009 2535 1149 2620 umbris,

143 2623 280 2705 deliciis,
312 2625 393 2708 otio,
429 2623 596 2708 languore,
633 2623 754 2688 desidia
790 2623 931 2688 animum
965 2621 1149 2707 infecimus,

143 2710 538 2882 ltigltilllmmdllll
563 2710 1149 2884 qttrignlllldlianllll'iidl

143 2823 267 2952 manicis
286 2888 455 2970 pravitatis
474 2887 635 2952 erroribus
654 2887 799 2972 quamvis
818 2886 1035 2951 carnificinam
1054 2887 1148 2970 prius

143 2975 312 3059 subierint,
348 2998 443 3060 quam
478 2975 559 3040 ibim
590 2979 647 3040 aut
677 2974 820 3059 aspidem
852 2978 908 3039 aut
938 2973 1054 3038 faelem
1087 2979 1148 3039 aut

143 3084 255 3127 canem
279 3067 335 3127 aut
358 3063 552 3130 crocodilum
570 3063 704 3145 violent,
727 3084 861 3146 quorum
883 3061 1013 3127 etiamsi
1034 3062 1149 3146 inpru-

143 3150 253 3214 dentes
283 3152 450 3235 quippiam
481 3151 630 3233 feserint,
665 3172 803 3235 poenam
834 3150 958 3216 nullam
987 3155 1148 3219 recusent

90 3257 123 3305 79
143 3237 190 3301 De
218 3237 401 3304 hominibus
423 3240 550 3323 loquor3
577 3239 674 3323 quid?
702 3239 824 3304 bestiae
847 3262 913 3306 non
939 3239 1056 3323 frigus,
1077 3260 1149 3305 non

142 3326 274 3408 famem,
296 3347 361 3390 non
383 3328 587 3413 montivagos
611 3331 706 3412 atque
724 3327 880 3393 silvestris
898 3348 1010 3392 cursus
1028 3327 1149 3393 lustra-

142 3414 308 3498 tionesque
325 3413 515 3497 patiuntur‘?
532 3437 599 3480 non
617 3437 675 3499 pro
690 3437 748 3481 suo
761 3419 856 3501 partu
869 3415 917 3481 ita
929 3418 1150 3500 propugnant,

63 3434 100 3630 ,
143 3505 178 3570 ut
204 3504 339 3572 ‚vulnera
364 3502 537 3587 excipiant,
559 3502 665 3568 nullos
687 3503 840 3589 impetus,
864 3503 968 3569 nullos
990 3503 1076 3567 ictus
1097 3524 1149 3569 re-
