2476 3848
552 159 902 224 -208-·

170 317 244 398 bus,
271 314 421 379 ludorum
447 313 718 397 venationumque
746 316 904 397 apparatu
925 313 1078 396 pecunias
1100 336 1177 397 pro·

169 402 309 467 fundunt
334 402 370 465 in
396 423 451 466 eas
478 423 545 484 res,
576 423 712 485 quarum
739 401 929 465 memoriam
955 403 1012 466 aut
1041 401 1176 466 brevem

118 505 152 557 os
171 494 228 555 aut
245 490 371 554 nullam
389 489 519 553 omnino
543 489 608 553 sint
626 489 784 571 relicturi,
802 488 954 552 liberales
978 491 1095 572 autem,
1118 490 1176 573 qui

172 578 238 644 suis
260 577 472 642 facultatibus
502 580 559 641 aut
586 580 697 660 captos
726 599 746 640 a
771 575 988 659 praedonibus
1011 576 1176 642 redimunt

172 670 228 732 aut
251 688 306 730 aes
329 665 470 730 alienum
494 664 673 748 suscipiunt
696 663 873 728 amicorum
896 667 953 727 aut
974 664 1009 727 in
1030 664 1175 729 filiarum

171 754 384 819 collocatione
407 752 560 817 adiuvant
583 755 640 816 aut
663 751 866 835 opitulantur
888 751 923 814 in
945 773 979 815 re
1001 751 1054 816 vel
1078 774 1176 836 quae·

119 849 174 918 (oo)
193 843 293 907 reuda
315 842 367 906 vel
391 840 545 924 augenda.
590 839 704 923 Itaque
726 839 835 923 miror,
868 838 945 922 quid
970 838 1006 902 in
1032 844 1176 905 mentem

171 929 296 994 venerit
328 927 553 1011 Theophrasto
584 928 620 992 in
652 949 689 992 eo
721 927 820 1010 libro,
855 947 949 1009 quem
982 926 1020 990 de
1052 927 1175 992 divitiis

172 1016 316 1100 scripsit3
346 1015 382 1079 in
409 1036 473 1098 quo
502 1015 606 1079 multa
632 1015 810 1099 praeclare,
836 1014 919 1077 illud
942 1014 1092 1079 absurde:
1124 1020 1175 1080 est

173 1104 258 1169 enim
281 1104 402 1167 multus
421 1103 456 1166 111
473 1102 633 1167 laudanda
651 1101 893 1186 magnificentia
910 1104 951 1165 et*
962 1103 1175 1186 apparatione

172 1191 378 1276 popularium
395 1212 564 1255 munerum
582 1191 761 1274 taliumque
779 1193 966 1273 sumptuum
983 1189 1175 1255 facultatem

171 1279 312 1344 fructum
345 1279 530 1344 divitiarum
557 1282 661 1363 putat.
709 1277 791 1344 Mihi
823 1282 931 1342 autem
961 1277 1018 1342 ille
1048 1278 1174 1344 fructus

172 1367 394 1450 liberalitatis,
427 1367 515 1431 cuius
548 1388 650 1451 pauca
682 1366 828 1449 exempla
859 1365 967 1449 posui,
1003 1367 1108 1431 multo
1141 1370 1175 1432 et

173 1456 276 1521 maior
297 1455 425 1520 videtur
447 1458 480 1518 et
502 1455 628 1518 certior.
673 1452 800 1529 Quanto
822 1453 1017 1517 Aristoteles
1041 1455 1174 1538 gravius

173 1548 206 1608 et
228 1544 333 1608 verius
355 1566 416 1608 nos
434 1541 651 1628 reprehendit!
672 1542 727 1626 qui
743 1541 803 1605 has
820 1541 1029 1625 pecuniarum
1047 1542 1174 1606 effusio·

172 1654 229 1696 nes
255 1654 322 1696 non
348 1632 551 1713 admiremur,
579 1652 660 1714 quae
686 1630 769 1693 fiunt
797 1628 837 1694 ad
860 1629 1099 1693 multitudinem
1122 1630 1175 1693 de·

172 1720 355 1784 liniendam.
404 1719 463 1784 Ait
490 1718 589 1801 enim,
612 1716 693 1801 ‘qui
720 1718 765 1781 ab
793 1716 905 1782 hoste
937 1717 1173 1800 obsidentur,

173 1808 206 1871 si
238 1829 359 1872 emere
392 1828 511 1889 aquae
548 1805 760 1870 sextarium
792 1808 1023 1890 cogerentur
1058 1804 1173 1888 mina,

172 1895 243 1960 hoc
265 1894 388 1979 primo
411 1893 643 1957 incredibile
666 1893 779 1957 nobis
802 1893 939 1976 videri,
966 1914 1173 1975 omnesque

173 1981 318 2058 mirari,
346 1980 411 2044 sed
439 2001 520 2044 cum
548 1980 800 2063 attenderint,
833 1981 981 2046 veniam
1006 1981 1174 2045 necessi-

172 2069 248 2133 tati
271 2068 372 2151 dare,
399 2067 439 2131 in
464 2066 524 2132 his
551 2067 772 2132 inmanibus
798 2068 960 2132 iacturis
983 2067 1173 2133 infinitis·

173 2177 243 2239 que
275 2154 491 2238 sumptibus
523 2155 623 2219 nihil
658 2177 727 2219 nos
763 2177 994 2240 magnopere
1025 2156 1172 2240 mirari,

173 2265 255 2308 cum
278 2242 510 2327 praesertim
531 2265 653 2326 neque
670 2243 901 2307 necessitati
920 2244 1172 2309 subveniatur

172 2352 240 2396 nec
262 2330 433 2415 dignitas
457 2334 644 2414 augeatur
667 2330 831 2416 ipsaque
858 2331 930 2396 illa
958 2331 1171 2396 delectatio

173 2418 438 2484 multitudinis
483 2418 528 2483 ad
568 2420 683 2484 breve
728 2419 980 2504 exiguumque
1020 2422 1171 2503 tempus

172 2509 321 2589 capiatur,
344 2528 463 2591 eaque
487 2529 507 2570 a
528 2506 739 2572 levissumo
764 2528 924 2590 quoque,
951 2507 991 2571 in
1018 2528 1089 2590 quo
1112 2509 1171 2570 ta-

172 2617 255 2660 men
276 2595 363 2679 ipso
390 2616 466 2659 una
493 2616 573 2659 cum
601 2595 787 2659 satietate
813 2593 995 2658 memoria
1023 2615 1171 2676 quoque

120 2693 153 2744 57
172 2683 360 2748 moriatur
387 2681 626 2765 voluptatis?
671 2681 759 2746 Bene
786 2681 885 2745 etiam
913 2681 1039 2766 colligit
1063 2680 1171 2747 ‘haec

171 2772 301 2855 pueris
334 2774 372 2834 et
401 2769 642 2835 mulierculis
680 2773 717 2834 et
748 2769 872 2834 servis
905 2772 942 2832 et
974 2791 1172 2834 servorum

173 2858 386 2924 simillimis
413 2857 552 2922 liberis
581 2879 663 2922 esse
691 2860 817 2942 grata,
850 2856 960 2941 gravi
986 2878 1076 2922 vero
1103 2856 1172 2922 ho-

171 2947 264 3010 mini
290 2949 330 3009 et
357 2967 412 3023 ea,
445 2966 540 3028 quae
565 2945 680 3029 fiunt,
712 2944 854 3009 iudicio
889 2948 996 3009 certo
1030 2945 1173 3029 ponde·

172 3033 276 3097 ranti
307 3032 466 3116 probari
497 3054 613 3116 posse
644 3032 752 3097 nullo
785 3031 914 3097 modo'
969 3031 1173 3115 Quamquam

170 3120 326 3203 intellego
362 3119 398 3184 in
432 3123 546 3184 nostra
581 3120 712 3185 civitate
746 3120 944 3186 inveterasse
979 3120 1046 3185 iam
1077 3121 1172 3185 bonis

60 3223 76 3254 ⁴
171 3206 384 3290 temporibus,
410 3210 448 3271 ut
474 3207 625 3292 splendor
648 3207 850 3273 aedilitatum
873 3209 914 3273 ab
938 3208 1070 3292 optimis
1092 3208 1172 3274 viris

171 3294 361 3378 postuletur.
405 3292 521 3378 Itaque
544 3299 577 3359 et
598 3295 634 3362 P.
656 3295 792 3362 Crassus
815 3319 887 3362 cum
910 3296 1102 3381 cognomine
1125 3295 1173 3360 di-

170 3404 234 3465 ves,
256 3385 327 3447 tum
350 3383 451 3467 copiis
473 3383 603 3447 functus
626 3388 675 3449 est
698 3384 844 3450 aedilicio
868 3384 1008 3449 maximo
1032 3405 1173 3466 munere,

171 3474 204 3534 et
225 3472 321 3554 paulo
345 3474 421 3556 post
442 3470 478 3537 L.
492 3469 628 3538 Crassus
652 3495 724 3540 cum
747 3471 891 3539 omnium
913 3471 1082 3536 hominum
1104 3493 1173 3536 mo-
