2476 3848
441 162 714 238 ,-565-

90 343 174 406 quae
193 322 348 410 globosae
367 325 400 386 et
418 321 584 405 rotundae,
607 321 723 386 divinis
743 322 904 388 animatae
923 325 1094 408 mentibus,
1172 390 1173 393 ,

90 406 229 475 circulos
258 431 334 474 suos
362 410 520 494 orbesque
549 410 720 474 conficiunt
748 411 915 476 celeritate
942 413 1094 477 mirabili.

90 497 197 574 Quare
220 501 253 561 et
274 498 350 581 tibi,
371 497 481 581 Publi,
511 500 543 561 et
561 498 624 582 piis
647 498 795 562 omnibus
819 499 1095 566 retinendussani·

92 607 164 650 mus
187 588 238 649 est
260 585 295 649 in
317 585 464 650 custodia
486 585 630 669 corporis
653 607 711 650 nec
733 586 859 650 iniussu
882 587 964 669 eius,
988 611 1007 652 a
1030 610 1094 672 quo

90 673 147 737 ille
171 676 220 737 est
242 673 336 738 vobis
356 673 460 757 datus,
482 695 521 737 ex
539 673 707 738 bominum
725 674 794 738 vita
812 675 1017 760 migrandum
1037 680 1095 758 est,

90 782 141 825 ne‘
158 769 274 825 munus
301 762 479 826 humanum
506 761 712 846 adsignatum
739 761 840 826 adeo
866 762 1028 848 defugisse
1049 763 1095 828 vi·

90 849 240 914 deamini.
281 847 343 913 Sed
367 850 426 933 sic,
453 847 574 933 Scipio,
601 853 638 913 ut
667 871 745 914 avus
774 849 826 914 hic
848 853 938 936 tuus,
965 855 1001 916 ut
1025 872 1094 937 ego,
1108 822 1147 955 11}

91 937 147 1020 qui
173 940 207 1000 te
234 937 344 1023 genui,
374 937 534 1002 iustitiam
562 938 631 1002 cole
659 942 691 1001 et
717 937 888 1022 pietatem,
919 960 1095 1022 quaecum

91 1045 211 1109 magna
242 1024 277 1088 in
307 1025 496 1108 parentibus
528 1028 559 1089 et
591 1025 796 1109 propinquis,
828 1029 898 1091 tum
927 1027 962 1091 in
988 1027 1096 1112 patria

91 1112 233 1176 maxima
265 1115 327 1194 est;
359 1134 397 1176 ea
423 1112 492 1176 vita
519 1112 573 1176 via
600 1116 650 1176 est
677 1113 711 1175 in
739 1115 863 1179 caelum
891 1118 924 1179 et
951 1115 985 1179 in
1011 1115 1096 1179 hunc

90 1203 218 1264 coetum
250 1220 374 1283 eorum,
407 1200 462 1282 qui
493 1200 559 1263 iam
590 1200 740 1264 vixerunt
773 1205 806 1265 et
834 1223 968 1286 corpore
995 1203 1097 1267 laxati

83 1287 183 1364 ,illum
216 1286 362 1352 incolunt
393 1288 517 1370 locum}
546 1308 641 1370 quem
672 1287 776 1370 vides,
808 1284 894 1372 (erat
926 1292 1034 1353 autem
1068 1290 1096 1353 is

91 1375 351 1459 splendidissimo
380 1375 517 1440 candore
544 1374 629 1438 inter
654 1373 801 1438 flammas
826 1375 929 1440 circus
953 1375 1095 1462 elucens)

90 1484 186 1546 quem
208 1485 276 1546 vos,
298 1466 335 1527 ut
358 1484 377 1528 a
396 1462 502 1527 Graiis
526 1462 704 1546 accepistis,
728 1462 840 1526 orbem
858 1463 998 1528 lacteum
1016 1486 1095 1528 nun·

90 1551 231 1634 cupatis3
263 1572 302 1614 ex
333 1572 396 1633 quo
424 1550 532 1614 omnia
559 1549 640 1613 mihi
667 1550 901 1633 contemplanti
928 1553 1096 1636 praeclara

90 1643 199 1702 cetera
223 1641 256 1702 et
277 1638 441 1703 mirabilia
458 1638 659 1702 videbantur.
694 1637 798 1702 Erant
818 1642 926 1703 autem
945 1660 1001 1703 eae
1021 1640 1096 1703 stel-

91 1726 157 1807 lae,
180 1748 260 1810 quas
282 1729 459 1809 numquam
482 1747 521 1789 ex
543 1726 605 1790 hoc
627 1725 698 1790 loco
721 1725 870 1809 vidimus,
894 1730 926 1790 et
949 1747 1005 1791 eae
1029 1749 1094 1791 ma·

91 1814 276 1898 gnitudines
300 1815 453 1898 omnium,
477 1835 555 1897 quas
580 1834 649 1877 esse
671 1834 848 1896 numquam
870 1814 1026 1898 suspicati
1045 1836 1095 1878 su·

92 1924 173 1986 mus,
196 1902 374 1986 exquibus
398 1905 468 1966 erat
491 1923 530 1966 ea
552 1901 693 1984 minima,
717 1922 798 1983 quae
821 1901 939 1966 ultima
960 1924 979 1966 a
997 1903 1095 1985 caelo,

90 1991 203 2054 citima
228 2010 251 2054 a
271 1990 369 2055 terris
391 1991 462 2055 lnce
485 1990 614 2054 lucebat
636 1989 750 2053 aliena.
787 1985 962 2054 Stellarum
987 1994 1095 2054 autem

91 2076 183 2159 globi
205 2080 312 2141 terrae
334 2078 591 2162 magnitudinem
609 2077 705 2142 facile
723 2076 902 2142 vincebant.
934 2075 1004 2142 Iam
1023 2078 1096 2162 ipsa

89 2166 178 2226 terra
206 2163 254 2225 ita
281 2163 363 2227 mihi
384 2187 488 2246 parva
510 2166 581 2230 visa
604 2169 667 2249 est,
698 2169 735 2228 ut
758 2187 809 2229 me
831 2165 959 2248 imperii
981 2165 1095 2250 nostri,

90 2271 153 2334 quo
177 2249 270 2332 quasi
292 2254 448 2333 punctum
472 2251 540 2315 eius
563 2253 765 2337 attingimus,
787 2253 976 2337 paeniteret.

156 2335 260 2412 Quam
279 2359 351 2401 cum
364 2338 470 2423 magis
484 2339 636 2422 intuerer,
655 2339 790 2423 Quaeso,
808 2340 914 2423 inquit
928 2319 1147 2406 Αἰήτῃ-ΠΜ)

89 2447 164 2509 nus,
196 2446 362 2509 quousque
391 2426 483 2490 humi
514 2425 618 2491 defixa
646 2431 704 2491 tua
731 2448 821 2491 mens
850 2428 933 2493 erit?
978 2397 1128 2493 Nonne¹⁷

91 2513 221 2597 aspicis,
250 2535 331 2597 quae
357 2513 392 2579 in
419 2515 544 2597 templa
571 2513 721 2579 veneris?
766 2512 892 2580 Novem
922 2515 983 2579 tibi
1011 2515 1094 2580 orbi-

90 2601 151 2666 bus
183 2602 235 2666 vel
267 2601 375 2686 potius
408 2602 516 2687 globis
548 2623 669 2668 conexa
700 2606 775 2667 sunt
803 2603 925 2687 omnia,
957 2617 1094 2686 quorum

89 2711 173 2753 unus
196 2692 246 2754 est
268 2689 427 2773 caelestis,
449 2693 608 2773 extumus,
632 2690 687 2773 qui
709 2691 851 2774 reliquos
875 2712 986 2755 omnes
1010 2714 1094 2757 com·

90 2777 256 2860 plectitur,
284 2799 425 2842 summus
453 2778 523 2862 ipse
551 2778 628 2842 deus
656 2800 767 2843 arcens
795 2783 828 2842 et
855 2779 1022 2844 continens
1046 2801 1093 2844 ce·

89 2867 191 2947 teros3
222 2865 257 2927 in
285 2886 347 2949 quo
376 2870 451 2929 sunt
478 2865 569 2929 infixi
595 2866 658 2949 illi,
687 2866 742 2949 qui
768 2866 956 2949 volvuntur,
984 2867 1093 2931 stella-

89 2973 161 3014 rum
185 2973 295 3017 cursus
320 2953 520 3038 sempiterni3
550 2954 601 3018 cui
624 2953 760 3018 subiecti
782 2957 857 3018 sunt
880 2957 1014 3040 septem,
1038 2956 1093 3038 qui

88 3042 260 3102 versantur
295 3044 382 3105 retro
420 3041 581 3105 contrario
619 3045 709 3106 motu
746 3045 844 3126 atque
880 3042 1018 3125 caelum3
1056 3065 1093 3106 ex

90 3126 206 3208 quibus
237 3147 337 3191 unum
369 3129 504 3213 globum
530 3129 675 3212 possidet
702 3129 774 3213 illa,
807 3152 903 3213 quam
933 3130 967 3193 in
996 3131 1092 3194 terris

45 3244 48 3251 ι
89 3210 274 3278 Saturniam
309 3216 488 3280 nominant.
537 3215 661 3281 Deinde
698 3221 747 3280 est
783 3216 950 3282 hominum
983 3220 1093 3303 generi

89 3322 261 3384 prosperus
289 3305 322 3366 et
349 3303 501 3368 salutaris
529 3303 586 3367 ille
611 3304 735 3390 fulgor,
764 3304 819 3388 qui
846 3305 964 3370 dicitur
990 3305 1092 3388 Iovis3

89 3393 160 3452 tum
186 3389 303 3454 rutilus
330 3389 560 3475 horribilisque
583 3391 693 3476 terris,
721 3413 816 3475 quem
838 3391 993 3458 Martium
1017 3393 1091 3457 diei-

88 3476 147 3562 tis3
170 3475 281 3543 deinde
308 3480 419 3543 subter
445 3479 585 3543 mediam
607 3478 674 3544 fere
697 3480 862 3565 regionem
883 3481 933 3545 sol
957 3481 1093 3566 obtinet,
