2476 3848
470 162 622 227 -489
670 197 712 207 -

90 321 124 387 Si
149 321 278 405 quidem
299 343 360 387 nos
378 343 444 386 non
462 321 555 405 quasi
569 320 691 385 Graece
709 321 895 404 loquentem
914 318 1089 383 audiamus.

89 410 193 475 Docet
216 408 302 472 idem
325 409 389 474 alio
411 410 496 474 loco:
910 427 912 430 ’

180 531 402 616 Graiugena
424 531 466 594 de
488 531 589 596 istoc
612 531 738 615 aperit
761 531 845 614 ipsa
868 528 1001 594 oratio.

91 653 153 719 sed
176 652 217 717 ad
238 652 362 717 maiora
384 652 558 717 redeamus.
598 650 649 717 Ex
672 652 801 717 aethere
823 651 925 737 igitur
946 651 1089 714 innume·
1108 660 1141 709 92

90 741 209 806 rabiles
237 740 385 804 flammae
414 739 554 804 siderum
576 739 749 823 exsistunt,
776 761 912 823 quorum
935 739 984 802 est
1005 736 1091 820 prin-

92 851 166 913 ceps
199 828 248 892 sol
281 826 388 891 omnia
420 827 600 891 clarissima
628 828 700 892 luce
729 827 947 909 conlustrans,
978 823 1090 888 multis

90 917 238 1001 partibus
269 915 373 978 maior
402 917 499 997 atque
528 914 667 998 amplior
694 936 792 998 quam
819 918 907 978 terra
932 906 1091 993 universa,

92 1004 204 1068 deinde
227 1002 351 1085 reliqua
369 1001 474 1066 sidera
491 1001 765 1086 magnitudinibus
784 1000 947 1066 inmensis.
983 999 1091 1082 Atque

90 1092 126 1155 hi
153 1090 238 1155 tanti
264 1091 357 1174 ignes
385 1093 514 1172 tamque
542 1089 639 1153 multi
664 1111 731 1154 non
753 1090 848 1154 modo
870 1088 953 1152 nihil
975 1090 1093 1151 nocent

92 1179 187 1242 terris
212 1176 370 1260 rebusque
397 1176 619 1260 terrestribus,
651 1176 707 1240 sed
733 1177 781 1240 ita
807 1179 956 1261 prosunt,
987 1178 1036 1257 ut,
1064 1173 1093 1237 si

92 1270 182 1331 mota
203 1265 274 1329 loco
298 1265 373 1347 sint,
395 1264 592 1349 conflagrare
614 1267 718 1327 terras
740 1285 870 1328 necesse
894 1264 937 1326 sit
955 1284 975 1326 a
992 1261 1091 1325 tantis

93 1353 259 1418 ardoribus
282 1351 501 1416 moderatione
524 1351 812 1433 attemperatione
836 1349 973 1414 sublata.

157 1456 219 1521 Hic
242 1477 302 1541 ego
324 1478 391 1520 non
413 1455 511 1519 mirer
534 1477 603 1520 esse
627 1476 833 1539 quemquam,
861 1455 916 1536 qui
938 1453 1002 1517 sibi
1022 1475 1092 1538 per·
1110 1488 1143 1536 93

94 1545 226 1609 suadeat
250 1565 385 1627 corpora
408 1543 566 1626 quaedam
589 1542 691 1607 solida
714 1546 810 1626 atque
828 1540 993 1605 individua
1008 1542 1044 1605 vi
1061 1544 1094 1604 et

95 1633 255 1718 gravitate
273 1631 360 1714 ferri,
378 1629 594 1714 mundumque
614 1630 698 1695 effici
715 1629 956 1694 ornatissimum
976 1632 1008 1692 et
1025 1629 1094 1713 pul·

94 1719 287 1784 cherrimum
315 1739 353 1782 ex
381 1739 492 1781 eorum
515 1739 685 1802 corporum
708 1716 914 1783 concursione
935 1715 1093 1781 fortuita?

93 1807 165 1872 Hoc
192 1807 247 1890 qui
274 1804 438 1869 existimat
464 1804 535 1868 fieri
560 1805 719 1890 potuisse,
750 1826 816 1870 non
837 1804 1007 1889 intellego,
1038 1824 1094 1868 cur

93 1917 161 1960 non
182 1895 267 1959 idem
288 1895 390 1977 putet,
414 1892 442 1955 si
463 1891 714 1958 innumerabiles
732 1892 826 1957 unius
845 1895 878 1957 et
895 1891 1013 1978 viginti
1030 1891 1099 1968 for-s

95 2005 166 2047 mac
189 1983 372 2046 litterarum
393 1978 446 2042 vel
470 2001 584 2044 aureae
606 1981 659 2045 vel
682 1980 877 2064 qualeslibet
900 1981 1008 2065 aliquo
1032 1979 1095 2046 coi

95 2072 230 2151 ciantur,
252 2089 347 2152 posse
371 2065 467 2129 exiis
486 2066 521 2131 in
538 2072 659 2133 terram
678 2069 817 2134 excussis
836 2069 968 2133 annales
986 2067 1093 2153 Ennii,
1164 2135 1171 2147 ,

94 2161 132 2221 ut
155 2157 301 2239 deinceps
324 2153 392 2238 legi
413 2153 550 2237 possint,
574 2155 670 2240 effici3
693 2157 778 2240 quod
799 2156 907 2221 nescio
931 2179 973 2221 an
994 2179 1035 2221 ne
1059 2158 1094 2221 in

94 2266 159 2308 uno
183 2243 311 2326 quidem
333 2244 429 2306 'versu
450 2242 557 2324 possit
578 2246 706 2307 tantum
728 2245 835 2309 valere
852 2244 992 2309 fortuna.
1032 2244 1094 2308 Isti
1112 2252 1146 2300 94

95 2334 204 2396 autem
227 2351 322 2414 quem
341 2327 531 2393 admodum
550 2329 740 2395 adseverant
758 2353 796 2395 ex
814 2332 1011 2415 corpusculis
1029 2353 1095 2396 non

96 2420 216 2501 calore,
243 2439 309 2481 non
338 2415 496 2499 qualitate
524 2416 645 2501 aliqua,
672 2439 770 2500 quam
795 2415 954 2499 ποιότητα
981 2417 1096 2482 Graeci

95 2509 221 2588 vocant,
243 2527 309 2569 non
328 2525 423 2567 sensu
440 2503 604 2588 praeditis,
624 2503 680 2568 sed
699 2505 960 2569 concurrentibus
974 2507 1094 2568 temere

97 2599 193 2678 atque
212 2614 288 2658 casu
306 2591 459 2655 mundum
478 2612 547 2655 esse
565 2591 753 2676 perfectum,
775 2591 827 2655 vel
844 2591 1095 2655 innumerabiles

95 2682 204 2767 potius
227 2681 263 2745 in
285 2678 371 2744 omni
393 2682 513 2761 puncto
536 2678 692 2764 temporis
716 2678 797 2743 alios
818 2678 921 2762 nasci,
944 2678 1025 2742 alios
1048 2679 1095 2742 in·

96 2769 216 2833 terire‘?
270 2764 391 2841 Quodsi
428 2764 582 2829 mnndum
618 2764 743 2830 efficere
777 2768 887 2850 potest
923 2787 1095 2830 concursus

97 2860 292 2937 atomorum,
319 2875 374 2918 cur
396 2852 571 2937 porticum,
599 2874 654 2916 cur
676 2853 848 2937 templum,
878 2875 934 2918 cur
957 2853 1096 2932 domum,

98 2964 154 3007 cur
181 2942 294 3005 urbem
320 2961 386 3004 non
411 2940 542 3024 potest?
575 2961 656 3022 quae
679 2943 755 3004 sunt
777 2940 882 3005 minus
904 2962 923 3005 o
947 2961 1041 3006 erosa
1064 2948 1096 3004 et

96 3030 199 3093 multo
228 3028 355 3112 quidem
381 3026 535 3091 faciliora.
580 3025 675 3092 Certe
702 3027 750 3091 ita
768 3030 894 3113 temero

97 3116 255 3199 effutiunt,
276 3119 313 3179 ut
331 3114 412 3178 mihi
432 3112 559 3197 quidem
576 3135 753 3198 numquam
770 3113 856 3181 huno
882 3112 893 3199 j

97 3205 179 3270 caeli
202 3206 364 3285 ornatum,
387 3200 442 3284 qui
464 3200 553 3265 locus
578 3205 628 3265 est
650 3202 825 3286 proximus,
862 3282 866 3287 Ι

97 3293 240 3356 deantur.
290 3289 459 3353 Praeclare
496 3308 572 3372 ergo
604 3287 813 3354 Aristoteles:
850 3286 861 3319 ‘
946 3324 952 3344 ι

98 3380 213 3464 inquit,
236 3377 317 3461 ‘qui
340 3375 408 3440 sub
431 3378 537 3438 terra
559 3395 708 3460 semper
725 3376 862 3457 habita

95 3467 156 3531 nis
186 3469 223 3530 et
249 3462 486 3529 inlustribus
514 3460 737 3549 domiciliis,
765 3472 884 3548 quae'
