2476 3848
472 175 714 240 -173-

90 334 373 402 exercitationibus
395 336 550 422 corporis.
596 335 789 403 Adhibenda
815 342 983 423 praeterea
1005 361 1096 406 mun·

90 422 171 487 ditia
197 427 246 487 est
272 444 340 489 non
365 425 478 491 odiosa
503 446 609 509 neque
639 425 798 510 exquisita
825 427 937 510 nimis,
966 431 1096 492 tantum

90 531 172 594 quae
204 510 311 596 fugiat
342 517 505 598 agrestem
538 517 571 578 et
601 512 813 578 inhumanam
844 514 1095 600 neglegentiam.

90 597 211 663 Eadem
238 600 323 664 ratio
350 604 401 665 est
427 600 577 666 habenda
602 601 757 684 vestitae,
783 602 819 666 in
846 623 923 686 quo,
951 602 1034 666 siout
1061 602 1097 666 in

89 685 252 771 plerisque
274 688 385 772 rebus,
412 689 617 754 mediocritas
644 689 767 773 optima
790 693 848 754 est.
895 688 1081 755 Cavendum
1098 704 1144 756 181

92 776 199 838 autem
229 778 293 857 est,
323 797 364 839 ne
395 780 451 841 aut
482 775 692 841 tarditatibus
725 781 855 842 utamur
884 779 919 843 ia
946 777 1095 864 ingressu

91 861 303 946 mollioribus,
325 866 363 928 ut
384 885 577 949 pomparum
598 863 730 930 ferculis
753 866 876 931 similes
900 887 970 931 esse
991 864 1096 931 videa·

91 971 172 1034 mur,
194 953 251 1015 aut
271 951 306 1015 in
328 950 593 1016 festinationibus
617 952 829 1037 suscipiamus
852 954 969 1019 nimias
988 952 1096 1020 eeleri-

91 1040 189 1120 tates,
224 1059 306 1121 quae
338 1059 411 1103 oum
442 1039 540 1122 fiunt,
572 1040 734 1106 anhelitus
766 1046 950 1126 moventur,
986 1042 1096 1107 vultus

92 1127 272 1209 mutantur,
304 1147 362 1191 ora
392 1130 599 1210 torquentur,
632 1149 670 1190 ex
702 1128 818 1211 quibus
851 1150 971 1215 magna
997 1128 1097 1215 signi·

90 1212 199 1277 ficatio
221 1213 260 1276 fit
281 1234 348 1277 non
370 1214 484 1278 adesse
512 1215 739 1280 constantiam.
785 1214 848 1281 Sed
870 1217 974 1282 multo
998 1218 1097 1282 etiam

92 1300 196 1385 magis
224 1300 456 1365 elaborandum
489 1305 552 1384 est,
583 1322 624 1365 ne
656 1302 756 1366 animi
787 1308 896 1369 motus
928 1326 948 1369 a
979 1308 1097 1370 natura

91 1387 254 1472 recedant,
273 1389 359 1473 quod
378 1409 594 1472 assequemur,
613 1388 641 1451 si
659 1390 852 1474 cavebimus,
870 1413 911 1455 ne
924 1391 959 1455 in
972 1395 1097 1475 pertur-

91 1475 238 1540 bationes
258 1480 355 1560 atque
374 1476 629 1541 exanimationes
647 1475 833 1558 incidamus,
854 1480 888 1543 et
906 1478 935 1542 si
953 1481 1096 1542 attentos

93 1563 217 1628 animos
241 1565 282 1629 ad
304 1565 428 1630 decoris
452 1562 730 1628 conservationem
747 1564 937 1628 tenebimus.
974 1564 1083 1629 Motus
1100 1579 1148 1631 lta

93 1654 201 1715 autem
232 1653 414 1717 animorum
446 1651 588 1735 duplices
622 1654 712 1734 sunt,
750 1651 844 1716 alteri
878 1651 1096 1736 cogitationis,

93 1738 188 1803 alteri
206 1740 383 1824 appetitus,
407 1739 565 1825 cogitatio
582 1738 618 1803 in
634 1760 711 1803 vero
735 1738 929 1822 exquirendo
948 1760 1096 1803 maxume

93 1830 253 1910 versatur,
281 1828 446 1912 appetitus
473 1826 602 1912 inpellit
630 1826 671 1891 ad
698 1826 866 1913 agendum.
912 1825 1096 1892 Curandum

91 1917 142 1978 est
168 1913 283 2000 igitur,
310 1919 347 1978 ut
370 1915 568 2001 cogitatione
592 1914 706 1980 adres
734 1936 830 1998 quam
854 1917 1004 1999 optumas
1027 1917 1097 1978 uta·

92 2022 178 2085 mur,
202 2001 384 2086 appetitum
406 2002 526 2067 rationi
550 2002 773 2067 oboedientem
796 1997 1022 2086 praebeamus

158 2088 202 2154 Et
222 2090 374 2173 quoniam
392 2111 513 2176 magna
529 2090 579 2155 vis
599 2090 755 2155 orationis
774 2095 832 2174 est,
851 2111 951 2174 eaque
970 2090 1096 2175 duplex,
1107 2089 1148 2154 37

92 2177 197 2242 altera
210 2177 436 2260 contentionis,
456 2178 560 2242 altera
574 2178 740 2262 sermonis,
758 2179 922 2243 eontentio
942 2178 1098 2262 discepta-

91 2264 235 2329 tionibus
244 2265 409 2329 tribuatur
417 2264 617 2348 iudiciorum,
627 2266 822 2348 contionum,
836 2269 977 2348 senatus,
992 2286 1097 2330 sermo

91 2352 127 2415 in
140 2351 278 2435 circulis,
292 2352 576 2436 disputationibus,
592 2351 873 2437 congressionibus
888 2352 1097 2418 familiarium

92 2443 248 2523 versetur,
272 2442 426 2523 sequatur
448 2439 549 2503 etiam
571 2439 726 2503 convivia.
762 2437 987 2506 Contentionis
1007 2460 1098 2524 prae·

92 2529 187 2610 cepta
204 2527 372 2592 rhetorum
391 2529 476 2610 sunt,
497 2525 589 2589 nulla
608 2526 773 2609 sermonis,
798 2547 993 2610 quamquam
1011 2524 1098 2589 haud

92 2614 159 2678 scio
191 2636 234 2678 an
264 2614 393 2699 possint
424 2613 504 2678 haec
534 2633 660 2697 quoque
688 2633 766 2677 esse.
816 2610 879 2677 Sed
906 2611 1097 2676 discentium

92 2700 208 2765 studiis
226 2701 435 2767 inveniuntur
452 2699 611 2785 magistri,
633 2699 708 2765 huic
727 2702 835 2764 autem
859 2699 914 2782 qui
937 2696 1097 2780 studeant,

93 2791 169 2852 sunt
190 2788 283 2872 nulli,
305 2789 473 2853 rhetorum
495 2787 593 2852 turba
610 2786 730 2851 referta
748 2785 868 2868 omnia,
892 2805 1097 2869 quamquam,

94 2897 176 2958 quae
189 2875 363 2941 verborum
378 2874 673 2956 sententiarumque
691 2875 864 2958 praecepta
882 2875 967 2956 sunt,
985 2871 1097 2937 eadem

93 2961 134 3025 ad
148 2984 328 3028 sermonem
346 2962 563 3047 pertinebunt.
599 2958 662 3025 Sed
680 2981 752 3025 eum
771 2959 928 3025 orationis
946 2958 1084 3026 indicem
1100 2976 1149 3026 raa

92 3070 205 3115 vocem
232 3051 423 3132 habeamus,
450 3049 486 3113 in
512 3069 590 3113 voce
617 3051 725 3113 autem
753 3047 815 3113 duo
843 3069 1029 3133 sequamur,
1061 3053 1098 3114 ut

92 3136 181 3201 clara
199 3138 251 3222 sit,
273 3141 311 3202 ut
329 3137 447 3218 suavis,
469 3139 642 3218 utrumque
661 3135 791 3202 omnino
811 3141 965 3203 enatura
985 3140 1098 3222 petun-

93 3224 170 3288 dum
192 3228 255 3309 est,
277 3247 389 3290 verum
413 3224 552 3288 alterum
575 3223 761 3289 exercitatio
785 3225 931 3311 augebit,
958 3226 1099 3291 alterum

92 3311 233 3378 imitatio
260 3333 371 3397 presse
397 3309 599 3394 loquentium
627 3314 660 3376 et
687 3311 811 3378 leniter.
856 3312 948 3378 Nihil
975 3312 1038 3378 fuit
1062 3311 1114 3379 in·

93 3395 227 3484 Catulis,
245 3403 282 3464 ut
300 3421 355 3465 eos
375 3397 534 3482 exquisito
552 3398 669 3464 iudicio
688 3403 820 3485 putares
838 3400 888 3465 uti
904 3400 1098 3485 litterarum,

93 3505 288 3570 quamquam
302 3490 395 3552 erant
409 3485 561 3570 litterati3
579 3486 636 3552 sed
654 3490 687 3552 et
706 3487 776 3573 alii3
793 3487 830 3553 hi
847 3491 955 3554 autem
974 3486 1088 3585 optim¹
