2476 3848
517 167 758 262 ...130-

136 324 268 382 veniendi
290 325 350 380 veri
372 303 520 396 prudentia
541 325 665 380 breviter
687 327 758 396 (cap.
774 328 815 395 6),
838 327 899 379 tum
923 326 957 379 de
979 325 1091 380 iustitia
1114 328 1146 382 et

136 395 332 463 beneficentia,
356 413 426 464 quae
449 414 512 450 cum
534 412 568 450 ea
586 397 734 450 coniuncta
753 395 803 462 sit,
823 395 940 465 exponit
959 399 1029 466 (cap.
1046 403 1143 452 7-18

137 468 295 534 §20—60),
314 466 415 520 deinde
434 467 468 521 de
488 465 655 520 fortitudine
676 468 746 535 (cap.
762 472 866 522 18-26
885 472 900 532 ξ
916 472 1044 533 61-92),
1064 466 1143 533 deni-

138 552 192 604 que
215 536 249 590 de
271 537 457 606 temperantia
480 538 509 590 et
531 536 645 604 decoro,
664 535 739 602 quod
762 552 825 589 cum
848 552 882 590 ea
907 536 1086 590 coniunctum
1106 537 1146 591 sit

139 609 210 675 (cap.
225 610 350 675 27-42).
385 606 530 661 Postremo
553 606 734 659 honestorum
757 604 831 660 inter
855 622 884 660 se
905 606 1145 676 comparationem

137 674 262 731 instituit
280 678 351 746 (cap.
365 678 491 745 43-45).

101 908 120 1029 ᾗ
206 939 407 1024 Quamquam
429 944 475 1024 te,
501 939 609 1006 Marce
631 941 692 1024 fili,
720 963 841 1004 annum
869 941 936 1005 iam
959 941 1144 1008 audientem

139 1026 344 1112 Cratippum,
375 1028 471 1112 idque
500 1028 653 1111 Athenis,
688 1028 850 1092 abundare
888 1032 1016 1112 oportet
1052 1052 1144 1114 prae-

139 1116 241 1200 ceptis
269 1116 491 1199 institutisque
518 1116 744 1201 philosophiae
766 1119 900 1200 propter
923 1138 1083 1181 summam
1111 1122 1144 1183 et

140 1203 281 1268 doctoris
300 1203 527 1269 auctoritatem
550 1208 583 1268 et
600 1205 704 1288 urbis,
723 1225 860 1287 quorum
883 1204 966 1268 alter
988 1208 1021 1268 te
1044 1206 1144 1270 scien-

139 1291 187 1356 tia
210 1311 327 1376 augere
345 1295 466 1375 potest,
490 1292 594 1356 altera
613 1292 782 1376 exemplis,
804 1295 927 1374 tamen,
949 1294 986 1355 ut
1008 1293 1078 1377 ipse
1102 1294 1144 1359 ad

140 1401 246 1444 meam
264 1379 441 1444 utilitatem
464 1402 590 1464 semper
611 1379 833 1445 cumGraecis
852 1378 970 1444 Latina
993 1381 1144 1445 coniunxi

139 1489 242 1551 neque
265 1467 298 1530 id
320 1467 355 1530 in
376 1468 585 1551 philosophia
609 1468 729 1550 solum,
757 1467 812 1531 sed
835 1467 935 1530 etiam
961 1467 996 1530 111
1019 1468 1144 1533 dicendi

140 1555 367 1620 exercitatione
390 1554 466 1639 feei,
488 1556 574 1619 idem
596 1556 658 1619 tibi
678 1576 791 1620 censeo
809 1553 1004 1639 faciendum,
1028 1559 1065 1619 ut
1083 1578 1143 1640 par

140 1643 185 1708 sis
216 1643 251 1707 in
283 1643 451 1727 utriusque
480 1644 637 1707 orationis
663 1641 828 1707 facultate.
878 1641 983 1717 Quam
1013 1643 1142 1726 quidem

140 1731 181 1795 ad
203 1753 272 1795 rem
293 1752 367 1813 noe,
389 1734 426 1794 ut
444 1730 598 1813 videmur,
617 1751 772 1815 magnum
790 1730 960 1794 attulimus
979 1730 1142 1795 adiumen-

139 1822 210 1883 tum
227 1818 413 1883 hominibus
431 1818 567 1900 nostris,
585 1821 623 1880 ut
640 1840 706 1881 non
728 1817 822 1881 modo
838 1816 1033 1883 Graecarum
1056 1819 1143 1883 litte·

138 1927 247 1971 rarum
270 1905 378 1988 rudes,
402 1905 457 1968 sed
480 1905 579 1968 etiam
602 1905 688 1969 docti
711 1905 913 1989 aliquantum
933 1928 966 1970 se
985 1905 1143 1971 arbitren-

101 1997 192 2057 2tur
215 1993 349 2077 adeptos
373 1996 405 2056 et
429 1993 470 2056 ad
493 1993 659 2057 dicendum
683 1997 715 2057 et
734 1992 775 2057 ad
791 1993 1005 2059 iudicandum.
1037 1993 1142 2069 Quam

139 2081 180 2145 ob
204 2101 273 2143 rem
296 2079 397 2144 disces
420 2083 458 2143 tu
477 2080 605 2163 quidem
623 2102 642 2144 a
659 2081 803 2165 principe
821 2082 917 2146 huius
937 2081 1053 2147 aetatis
1071 2082 1142 2167 phi-

138 2168 362 2251 losophorum,
380 2171 413 2232 et
432 2168 547 2252 110000,
566 2190 664 2252 quam
682 2169 736 2232 diu
754 2169 857 2253 voles,
875 2173 945 2234 tam
960 2170 1014 2234 diu
1032 2174 1141 2235 autem

137 2255 222 2320 velle
246 2255 390 2333 debebis,
414 2256 520 2340 quoad
541 2260 588 2340 te,
612 2259 769 2340 quantum
791 2257 957 2341 proficias,
979 2280 1046 2323 non
1067 2281 1141 2343 pac

136 2343 269 2425 nitebit,
297 2343 353 2407 sed
379 2347 489 2408 tamen
515 2347 629 2408 nostra
656 2344 767 2429 legens
789 2366 855 2409 11011
878 2346 1017 2409 multum
1040 2368 1060 2410 a
1084 2345 1142 2410 Pe

137 2430 316 2515 ripateticis
349 2431 550 2515 dissidentia,
583 2432 735 2515 quoniam
764 2433 893 2515 utrique
921 2431 1077 2497 Socratici
1109 2438 1142 2498 et

136 2517 298 2584 Platonici
320 2520 468 2583 volumus
497 2541 579 2602 esse,
608 2520 645 2583 de
673 2520 769 2583 rebus
795 2520 875 2604 ipsis
897 2522 988 2583 utere
1010 2522 1067 2583 tuo
1095 2520 1142 2583 iu-

138 2606 220 2671 dicio
244 2602 340 2692 (nihil
364 2608 450 2671 enim
472 2606 635 2693 impedio),
659 2607 839 2672 orationem
861 2609 970 2671 autem
987 2605 1140 2672 Latinam

137 2693 256 2759 efficies
278 2694 424 2779 profecto
448 2695 593 2780 legendis
615 2694 737 2759 nostris
754 2693 941 2778 pleniorem.
977 2692 1047 2759 Nec
1064 2717 1141 2760 vero

136 2782 198 2847 hoc
221 2787 412 2867 arroganter
434 2782 555 2848 dictum
578 2781 756 2846 existimari
777 2781 884 2846 velim.
929 2780 1016 2846 Nam
1037 2783 1143 2867 philo-

137 2869 297 2953 sophandi
319 2870 487 2935 seientiam
510 2870 683 2935 concedens
706 2869 831 2953 multis,
854 2871 940 2953 quod
963 2873 1014 2935 est
1037 2875 1143 2936 orato-

136 2956 181 3020 ris
204 2957 386 3040 proprium,
409 2961 498 3043 apte,
521 2957 686 3040 distincte,
709 2960 823 3021 ornate
847 2957 965 3042 dicere,
989 2959 1142 3044 quoniam

136 3042 172 3106 in
198 3063 236 3105 eo
267 3044 373 3108 studio
403 3049 544 3110 aetatem
570 3043 768 3128 consumpsi,
792 3043 819 3108 si
841 3045 876 3109 id
897 3047 979 3110 mihi
1002 3067 1141 3128 assum0,

97 3129 247 3195 avideor
275 3130 309 3193 id
335 3153 407 3196 meo
434 3132 502 3196 iure
530 3133 669 3216 quodam
696 3133 791 3197 modo
821 3133 992 3198 vindicare.
1037 3133 1142 3209 Quam

138 3218 180 3282 ob
203 3239 272 3281 rem
300 3216 495 3305 magnopere
522 3224 555 3284 te
581 3221 705 3303 hortor,
727 3219 773 3284 mi
796 3217 923 3305 Cicero,
945 3225 982 3284 ut
1004 3242 1070 3284 non
1093 3241 1143 3284 so·

137 3307 205 3370 lum
233 3306 394 3372 orationes
426 3329 529 3392 meas,
563 3307 619 3371 sed
648 3309 709 3372 hos
742 3307 841 3372 etiam
868 3308 907 3372 de
934 3307 1143 3392 philosophia

137 3395 248 3476 libros,
272 3394 328 3478 qui
349 3394 415 3458 10111
437 3395 505 3459 illis
523 3394 591 3460 fere
610 3417 645 3460 se
664 3399 855 3479 aequarimt,
875 3395 1018 3460 studiose
1036 3397 1143 3481 legas3

67 3430 186 3623 Rois
210 3482 296 3546 enim
318 3482 422 3548 maior
444 3482 480 3546 in
505 3483 572 3548 illis
601 3483 738 3570 dicendi,
769 3483 826 3549 scd
853 3483 915 3548 hoc
942 3505 1069 3568 quoque
1092 3507 1143 3550 co·
