2476 3848
475 181 714 244 -427-

91 343 125 406 in
157 343 245 406 omni
283 342 513 426 disputatione,
550 342 624 426 quid
660 347 746 407 esset
783 343 982 408 simillimum
1017 345 1092 427 veri,

91 452 323 514 quaereremus,
359 429 461 506 Quem
479 451 602 494 morem
621 431 693 494 cum
708 428 888 507 Carneades
908 432 1092 496 acutissime

90 518 376 602 copiosissimeque
402 518 573 601 tenuisset,
603 517 737 583 fecimus
765 522 798 583 et
827 519 908 583 alias
935 541 1032 603 saepe
1061 523 1094 584 et

89 628 191 690 nuper
214 606 248 669 in
270 606 464 688 Tusculano,
487 609 524 670 ut
547 605 587 670 ad
611 627 682 669 eam
702 606 964 671 consuetudinem
986 607 1092 691 dispu-

90 697 240 757 taremus.
276 693 321 758 Et
343 692 510 777 quadridui
533 693 659 777 quidem
679 714 857 760 sermonem
875 694 1093 778 superioribus

91 782 130 847 ad
157 785 190 844 te
217 782 430 865 perscriptum
457 780 548 845 libris
575 781 735 864 misimus,
763 781 875 883 quinto
902 785 1010 847 autem
1041 782 1092 847 die

90 892 162 932 eum
181 869 325 933 eodem
315 892 349 933 m
367 869 437 934 loeo
457 868 724 952 consedissemus,
748 871 795 934 sic
813 873 863 934 est
882 871 1093 954 propositum,

89 958 128 1021 de
151 978 214 1040 quo
237 957 486 1040 disputaremus:
1119 1013 1135 1052 ,

156 1045 195 1108 A.
228 1044 311 1109 Non
346 1043 440 1107 mihi
476 1042 630 1108 videtur
665 1045 709 1108 ad
746 1045 855 1110 beate
891 1015 1145 1139 vivendum„

92 1133 188 1196 satis
211 1132 538 1215 possevirtutem.
622 1182 624 1186 .

156 1226 200 1283 M.
224 1220 270 1283 At
290 1220 420 1283 hercule
437 1218 539 1282 Bruto
561 1240 633 1283 meo
657 1219 743 1284 videt
729 1225 794 1303 tur,
817 1220 906 1284 cuius
930 1241 990 1305 ego
1013 1221 1092 1286 iudi-

90 1308 188 1389 cium,
211 1328 288 1390 pace
310 1310 368 1371 tua
391 1306 537 1389 dixerim,
564 1306 661 1389 longe
684 1309 845 1390 antepono
868 1310 934 1372 tuo.

156 1396 196 1459 A.
223 1395 298 1460 Non
316 1394 440 1477 dubito,
463 1413 521 1457 nec
539 1393 572 1456 id
589 1415 675 1457 nunc
693 1394 807 1477 agitur,
828 1397 865 1457 tu
883 1394 975 1459 illum
994 1417 1092 1478 quan·

89 1486 159 1546 tum
182 1505 282 1566 ames,
306 1483 361 1547 sed
383 1481 458 1565 hoc,
480 1480 564 1564 quod
587 1480 667 1548 mihi
690 1480 756 1544 dixi
778 1480 893 1564 videri,
922 1482 1016 1565 quale
1040 1484 1090 1565 sit,

91 1573 129 1635 de
152 1593 214 1654 quo
238 1593 257 1634 ι
279 1573 312 1636 te
335 1569 492 1653 disputari
515 1568 597 1631 volo.

155 1665 200 1722 M.
227 1658 350 1741 Nempe
376 1678 476 1741 negas
504 1655 544 1718 ad
571 1656 664 1719 beate
692 1655 862 1721 vivendum
891 1657 969 1721 satis
996 1679 1092 1740 posse

90 1746 264 1810 virtutem?

111 1909 113 1914 Ι
156 1835 196 1897 Α.
223 1835 356 1899 Prorsus
379 1853 470 1916 nego.

156 1929 200 1984 M.
224 1921 328 1996 Quid?
352 1921 392 1984 ad
410 1924 509 2003 recte,
526 1920 673 2003 honeste,
691 1919 911 2005 laudabiliter,
928 1925 1091 2004 postremo

88 2010 130 2074 ad
154 2011 234 2073 bene
257 2009 427 2073 vivendum
451 2008 571 2073 satisne
595 2011 644 2072 est
666 2007 819 2091 praesidii
841 2009 875 2071 in
898 2009 1039 2073 virtute?

157 2098 197 2159 A.
227 2093 320 2159 Certe
344 2096 432 2159 satis

156 2190 200 2245 M
231 2183 293 2244 Pot
279 2186 328 2245 tes
360 2182 461 2264 igitur
495 2188 550 2248 aut
554 2184 649 2266 q,ui
681 2183 764 2247 male
791 2184 891 2266 vivat,
922 2206 987 2248 non
1020 2207 1092 2250 eum

91 2271 243 2334 miserum
266 2268 369 2332 dicere
393 2273 461 2350 aut,
491 2233 585 2352 quein
613 2270 694 2333 bene
717 2270 766 2333 fat
752 2275 852 2352 t,eare
880 2294 952 2335 eum
974 2293 1092 2356 negare

91 2358 184 2422 beate
207 2355 338 2420 vivere?

157 2447 197 2508 A.
225 2443 342 2519 Quidni
365 2443 508 2525 possim?
530 2465 605 2506 nam
628 2443 758 2508 etiam
748 2467 783 2507 ιιι
805 2446 974 2508 tormentis
997 2451 1091 2527 recte,

91 2535 237 2614 honeste,
260 2529 430 2595 laudabilit
431 2551 465 2594 er
484 2533 516 2594 et
533 2531 575 2595 ob
599 2552 671 2594 eam
693 2551 761 2593 rem
782 2530 864 2593 bene
887 2531 952 2595 vivi
974 2536 1092 2616 potest,

91 2623 166 2686 dum
189 2621 283 2686 modo
306 2618 488 2702 intellegaS‚
511 2617 586 2702 quid
609 2639 694 2681 nunc
717 2617 821 2682 dicam
844 2616 961 2681 ‘bene'
1009 2618 1091 2684 Dico

91 2710 175 2773 enirn
204 2711 401 2791 constanter,
429 2706 582 2790 graviter,
611 2705 878 2788 sapienter,t
812 2704 905 2769 fortit
891 2708 948 2770 t.er
1002 2705 1091 2771 Haec
1112 2726 1144 2776 13

91 2797 225 2859 etiam
216 2819 250 2858 ιιι
278 2796 419 2860 eculeum
447 2795 641 2876 coiciuntur,
669 2814 731 2876 quo
759 2794 827 2857 vita
853 2814 918 2856 non
948 2794 1092 2878 adspirat

91 2882 195 2945 beat.

156 2975 201 3032 M.
225 2969 339 3044 Quid
330 2971 391 3053 rgit
377 2969 451 3033 tur?
480 2969 590 3033 solane
613 2969 709 3032 beata
731 2968 811 3050 vita,
840 2988 971 3052 quaeso,
994 2969 1091 3034 relin-

91 3056 198 3142 quitur
216 3061 306 3120 extra
324 3058 443 3120 ostium
461 3057 620 3140 limenque
639 3056 787 3136 carceris,
810 3076 882 3126 cum
900 3058 1091 3141 constantia,

91 3145 248 3229 gravitas,
275 3143 443 3225 fortitudo,
472 3144 631 3227 sapientia
658 3143 861 3226 reliquaeque
884 3143 1021 3209 virtutes
1041 3168 1091 3210 ra-

90 3234 220 3316 piantur
248 3232 288 3295 ad
315 3234 470 3295 tortorem
496 3231 684 3314 nullumque
711 3235 859 3295 recusent
885 3253 945 3297 nec
970 3234 1117 3318 suppli·¹

90 3320 175 3384 cium
197 3319 441 3384 necdolorem?

156 3409 196 3472 A.
223 3408 284 3491 Tu,
307 3406 335 3470 si
359 3406 434 3490 quid
453 3427 486 3470 es
509 3406 665 3490 facturus,
687 3427 772 3472 nova
794 3407 901 3493 aliqua
923 3409 1102 3492 conquires

91 3499 231 3579 oportet;
254 3495 318 3558 ista
335 3515 385 3557 me
405 3493 535 3558 minime
550 3498 696 3578 movent,
718 3516 784 3560 non
802 3497 906 3561 solum
927 3497 1003 3581 quia
1020 3514 1092 3580 perr·
