2476 3848
525 166 766 232 -332-

142 337 238 403 amici
261 340 335 401 ante
319 340 451 420 eponat
461 333 541 399 suo?
577 332 681 407 Quid?
704 333 784 399 haec
806 336 843 396 ut
866 332 1026 416 omittam,
1049 345 1151 416 quam·

142 447 266 511 graves,
289 447 387 508 quarn
405 422 551 487 difficiles
571 421 733 506 plerisque
756 420 905 486 videntur
924 420 1151 488 calamitatum

142 513 325 578 societates!
350 510 391 577 ad
414 532 493 594 quas
516 531 582 574 non
605 513 655 574 est
676 508 803 574 facile
794 530 890 572 mven
892 512 928 573 ιιι
946 531 1002 592 qur
993 508 1151 574 ¹·descen

143 602 229 665 dant.
274 584 476 682 Quamquam
498 597 622 662 Ennius
646 600 746 661 recte:

186 685 341 753 Amicus
365 683 533 752 certus'
517 708 558 749 1n
579 706 619 749 ro
641 684 791 750 incerta
814 683 1001 767 ce‘rnitur,

142 780 252 840 tamen
273 776 353 840 hacc
372 774 434 839 duo
453 772 648 837 levitatiset
633 772 801 836 tinfirmit
787 771 866 836 tatis
884 772 1056 857 plerosque
1075 793 1150 840 oon·
1184 789 1189 801 ·

141 864 283 946 vincunt,
301 866 357 927 aut
376 863 404 926 si
421 860 563 926 inbonis
581 861 677 924 rebus
697 863 908 925 contemnunt
926 865 983 925 aut
1001 861 1036 925 in
1050 861 1150 926 melis

91 953 131 1018 18
143 952 301 1015 deserunt.
347 949 408 1024 Qui
430 948 532 1034 igitur
553 951 691 1031 utraque
712 948 748 1013 in
770 969 805 1013 re
828 968 975 1032 gravem,
997 953 1150 1015 constan·

142 1044 222 1121 tem,
254 1038 405 1102 stabilem
437 1058 472 1102 se
502 1037 537 1100 in
570 1036 713 1101 amicitia
743 1035 960 1120 praestiterit,
990 1035 1076 1104 hunc
1108 1059 1149 1102 ex

142 1126 280 1191 maxime
306 1147 381 1190 raro
414 1145 529 1210 genere
556 1124 724 1188 hominum
755 1125 896 1190 iudicare
929 1123 1081 1190 debemus
1113 1128 1151 1191 et

155 1235 257 1298 paene
281 1213 398 1279 divino

90 1281 171 1406 (ἐξ)
222 1301 421 1365 Firmament
407 1304 477 1365 turn
492 1301 600 1364 autem
610 1298 801 1363 stabilitatis
818 1300 1084 1383 constantiaeque
1098 1305 1152 1366 est

144 1410 226 1472 erus,
258 1411 355 1472 quam
385 1389 420 1452 in
452 1386 561 1452 amicit
562 1387 594 1451 ia
629 1387 826 1470 quaerimus,
857 1386 951 1470 fides,
982 1387 1065 1453 nihil
1098 1393 1150 1454 est

142 1477 227 1542 enim
250 1476 378 1560 stabile,
401 1475 485 1559 quod
508 1474 716 1539 infidumt
666 1477 726 1539 est.
770 1472 956 1558 Simplicem
979 1479 1149 1558 praeterea

142 1570 174 1630 et
192 1586 395 1630 communem
414 1568 446 1628 et
464 1563 726 1646 consentientem,
744 1563 847 1627 idt
796 1566 847 1628 est
860 1585 916 1646 qur
907 1563 1025 1628 rebus
1043 1562 1148 1629 isdem

142 1657 320 1734 moveatur,
343 1652 421 1737 eligi
442 1674 502 1735 par
520 1653 579 1733 est,
602 1672 684 1734 quae
703 1651 812 1715 omnia
829 1651 994 1735 pertinent
1012 1650 1147 1716 adfide-

142 1741 283 1824 litatem,
312 1762 416 1823 neque
443 1738 528 1803 enirn
554 1738 654 1803 fidum
682 1743 791 1822 potest
814 1760 884 1803 esse
907 1738 1077 1823 multiplex
1099 1739 1149 1803 in·

143 1828 273 1913 genium
292 1831 325 1892 et
343 1831 535 1907 tortuosum,
552 1847 655 1908 neque
674 1848 760 1908 vero,
779 1826 834 1909 qui
847 1847 915 1891 non
928 1827 1030 1892 isdem
1048 1826 1150 1892 rebus

142 1920 291 1979 movetur
316 1918 496 1996 naturaque
524 1913 698 1997 consentit,
730 1918 787 1978 aut
817 1914 900 1980 fidus
928 1918 985 1981 aut
1017 1915 1149 1980 stabilis

141 2006 252 2087 potest
275 2023 353 2065 esse.
398 1999 589 2065 Addendum
612 2002 724 2066 eodem
747 2004 810 2086 est,
832 2005 870 2066 ut
891 2023 932 2067 na
956 2001 1147 2068 criminibus

144 2094 199 2153 aut
222 2088 396 2153 inferendis
420 2089 596 2153 delectetur
619 2093 675 2154 aut
693 2089 803 2155 credat
821 2089 951 2174 oblatis,
975 2111 1057 2174 quae
1077 2112 1150 2176 per-

142 2177 248 2240 tinent
271 2176 380 2240 omnia
402 2176 550 2259 adeam,
577 2198 674 2259 quam
696 2177 762 2242 iam
785 2177 905 2243 dudum
926 2181 1047 2262 tracto,
1075 2200 1149 2245 con·

142 2266 232 2327 sttan
233 2264 308 2327 iam.
352 2263 404 2328 Ita
425 2265 463 2327 fit
485 2285 598 2329 rerum
621 2264 715 2348 illud,
739 2266 908 2350 quodt
846 2266 908 2329 init
908 2265 940 2330 io
964 2266 1044 2350 dixi,
1067 2266 1148 2333 arni-

143 2351 253 2417 citiam
285 2350 348 2415 nisi
377 2351 427 2415 int
428 2373 462 2416 er
493 2352 597 2417 bonos
630 2374 700 2418 esse
729 2374 796 2417 non
823 2375 928 2437 posse.
971 2353 1034 2420 Est
1019 2355 1148 2420 tenim

142 2439 220 2503 boni
243 2438 318 2520 viri,
345 2460 440 2521 quem
463 2441 598 2503 eundem
622 2440 801 2540 sapientem
823 2441 901 2506 licet
923 2442 1041 2525 dicere,
1067 2442 1149 2507 heec

143 2526 205 2591 duo
232 2527 377 2591 tenere
368 2549 404 2590 ιιι
435 2527 589 2592 amicitia:
621 2529 761 2627 primum
792 2549 833 2592 ns
860 2528 938 2612 quid
964 2530 1076 2593 fictum
1104 2528 1149 2592 sit

141 2635 222 2678 neve
242 2614 373 2678 simulat
359 2618 441 2678 tum·
434 2618 574 2698 ,aperte
593 2615 677 2678 enim
695 2615 748 2679 vel
767 2614 874 2680 odisse
892 2615 997 2698 magis
1015 2615 1150 2698 ingenui

143 2706 193 2765 est
226 2723 322 2784 quam
352 2701 461 2765 fronte
497 2700 601 2765 occult
587 2704 657 2764 tare
695 2701 833 2766 sentent
824 2724 903 2784 iam3
940 2700 1053 2766 deinde
1082 2723 1150 2766 non

143 2789 248 2853 solum
273 2788 447 2871 abaliquo
476 2787 594 2852 allatas
622 2787 863 2853 criminationes
891 2789 1061 2873 repellere,
1091 2789 1150 2855 sed

141 2897 182 2940 ne
214 2875 322 2959 ipsum
355 2875 484 2958 quidem
516 2896 585 2939 esse
617 2876 830 2959 suspiciosum
863 2897 991 2961 semper
1026 2876 1150 2961 aliquid

89 2976 123 3027 66
144 2963 383 3027 existimantem
411 2963 452 3027 ab
480 2962 584 3026 amieo
612 2983 682 3028 esse
708 2963 811 3028 violat
796 2966 875 3028 utrn.
921 2964 1063 3030 Accedat
1086 2964 1152 3030 huc

143 3050 287 3114 suavitas
320 3051 492 3132 quaedam
511 3053 641 3133 oportet
672 3071 857 3115 sermonum
885 3054 995 3152 atque
1012 3072 1152 3135 morum,

141 3136 391 3236 haudquaquam
414 3136 574 3203 mediocre
601 3138 786 3204 condiment
771 3142 841 3203 tum
869 3139 1039 3205 amicitiae.
1080 3138 1153 3205 Tri-

143 3223 235 3287 stitia
263 3228 371 3288 autem
398 3225 468 3289 et
458 3247 493 3289 ιιι
520 3225 608 3290 omni
634 3247 670 3290 re
695 3226 814 3293 severit
815 3248 851 3291 as
873 3216 975 3293 habet
997 3227 1056 3293 illa
1079 3226 1153 3310 qui-

143 3311 216 3375 dem
239 3311 449 3395 gravitatem,
471 3312 528 3378 sed
550 3312 660 3380 amicit
661 3313 694 3379 ia
715 3314 882 3380 remissior
904 3334 974 3380 esse
998 3313 1094 3381 debet
1079 3317 1154 3380 tet

142 3397 323 3465 liberioret
308 3398 461 3465 tdulcior
480 3402 513 3467 et
531 3401 573 3466 ad
591 3422 718 3468 omnem
738 3406 836 3470 oomrt
812 3402 924 3469 tatem
941 3401 1155 3470 facilitatem-

142 3507 205 3573 que
226 3486 413 3574 proclivior.
