2476 3848
542 188 780 252 „434-

106 368 139 416 30
159 367 227 410 1111
249 346 375 429 possit?
424 345 500 412 Non
526 346 627 431 igitur
652 345 748 411 facile
771 345 908 413 concedo
933 367 1036 430 neque
1059 345 1174 412 Bruto

157 456 229 499 meo
252 457 355 518 neque
378 434 600 499 communibus
624 433 791 517 magistris
813 455 872 499 nec
899 434 1062 498 veteribus
1089 434 1175 518 illis,

157 522 339 604 Aristoteli,
367 520 561 606 Speusippo,
588 520 773 603 Xenocrati,
802 520 983 598 Polemoni,
1011 525 1061 604 ut,
1092 543 1172 588 cum

157 631 208 692 ea,
236 631 317 694 quae
341 632 437 692 supra
461 609 656 691 enumeravi,
685 609 720 673 in
743 609 838 673 malis
860 613 1042 690 numerent,
1064 609 1170 674 fidem

158 697 267 761 dica-nt
285 718 410 779 semper
428 697 558 761 beatum
578 719 647 760 esse
666 696 852 779 sapientem.
890 696 978 772 Quos
997 697 1026 760 si
1046 697 1170 764 titulus

156 784 209 849 hic
236 785 375 848 delectat
400 784 538 868 insignis
566 788 598 848 et
621 785 767 866 pulcher,
796 783 998 869 Pythagora,
1021 781 1174 868 Socrate,

156 869 290 935 Platone
322 871 542 954 dignissimus,
574 871 725 935 inducant
752 872 895 936 animum
923 872 993 955 illa,
1026 893 1171 955 quorum

157 959 324 1041 splendore
339 959 517 1040 capiuntur,
530 959 625 1040 vires,
639 958 864 1041 valetudinem,
878 959 1172 1045 pulchritudinem,

156 1046 295 1127 divitias,
313 1045 461 1127 honores,
480 1066 557 1128 opes
576 1049 779 1110 contemnere
798 1067 906 1129 eaque,
924 1068 1006 1129 quae
1020 1047 1072 1110 his
1088 1069 1170 1112 con-

156 1134 255 1196 traria
274 1141 361 1213 sunt,
379 1154 438 1215 pro
456 1133 555 1197 nihilo
574 1133 701 1217 ducere,
719 1136 789 1197 tum
807 1137 961 1215 poterunt
979 1134 1167 1202 clarissime.

155 1242 232 1284 voce
255 1220 399 1303 profiteri
422 1241 456 1283 11
478 1242 582 1304 neque
610 1222 759 1285 fortunae
786 1222 910 1303 impetu
932 1243 990 1286 nec
1013 1222 1169 1288 multitu·

156 1308 239 1372 dinis
254 1308 405 1391 opinione
418 1328 477 1372 neo
491 1308 600 1372 dolore
614 1329 673 1372 nec
691 1312 881 1391 paupertate
896 1309 1019 1392 terreri,
1038 1311 1168 1375 omnia·

155 1418 217 1479 que
240 1396 303 1459 sibi
326 1396 360 1459 in
384 1417 454 1460 sese
475 1417 543 1460 1111
566 1397 686 1479 posita,
708 1417 767 1460 nec
786 1417 855 1460 esse
878 1396 1049 1479 quicquam
1069 1401 1168 1462 extra

102 1503 131 1550 31
156 1506 247 1548 suam
275 1487 485 1567 potestatem,
514 1484 598 1567 quod
629 1484 748 1548 ducant
778 1484 813 1547 in
844 1484 947 1547 bonis.
1001 1482 1097 1550 Nunc
1130 1491 1169 1551 et

154 1571 233 1635 hacc
256 1571 359 1655 loqui,
381 1593 463 1655 quae
483 1575 557 1635 sunt
574 1572 686 1655 magni
704 1570 868 1634 cuiusdam
893 1574 924 1633 et
948 1571 1008 1633 alti
1031 1571 1104 1654 viri,
1129 1579 1168 1638 et

155 1660 278 1742 eadem,
302 1680 382 1742 quae
405 1660 534 1743 vulgus,
557 1660 591 1721 in
609 1660 704 1722 malis
723 1662 756 1722 et
777 1658 871 1722 bonis
896 1680 1065 1722 numerare
1085 1681 1165 1725 con-

154 1747 223 1810 cedi
250 1746 340 1810 nullo
367 1745 463 1810 modo
491 1749 607 1828 potest.
652 1745 721 1821 Qua
749 1745 853 1829 gloria
880 1755 1059 1810 commotus
1083 1747 1165 1830 Epi·

153 1855 248 1897 curus
267 1833 421 1915 exoritur,
439 1834 491 1896 cui
509 1834 620 1915 etiam,
639 1832 667 1895 si
686 1833 734 1897 dis
753 1834 870 1915 placet,
888 1834 1014 1897 videtur
1034 1854 1165 1917 semper

154 1921 281 2004 sapiens
309 1921 432 1983 beatus.
478 1918 542 1982 Hic
564 1920 724 2002 dignitate
750 1920 845 1984 huius
870 1921 1048 1985 sententiae
1072 1925 1164 2006 capi·

152 2011 217 2089 tur,
241 2007 297 2070 sed
314 2028 489 2089 numquam
507 2006 540 2068 id
559 2007 691 2088 diceret,
714 2006 741 2070 si
761 2008 830 2090 ipse
849 2029 882 2071 se
901 2008 1033 2072 audiret.
1074 2008 1161 2085 Quid

153 2097 202 2156 est
225 2093 323 2174 enim,
347 2092 431 2176 quod
454 2093 559 2156 minus
583 2095 764 2176 conveniat,
787 2117 885 2177 quam
907 2099 943 2159 ut
965 2096 1006 2179 is,
1030 2097 1086 2179 qui
1109 2098 1161 2161 vel

154 2201 313 2243 summum
336 2181 388 2244 vel
411 2181 515 2244 solum
538 2181 658 2245 malum
686 2182 830 2247 dolorem
853 2204 923 2246 esse
946 2182 1046 2266 dicat,
1073 2183 1162 2250 idem

153 2270 281 2331 censeat
317 2266 435 2342 ‘Quam
472 2268 534 2332 hoc
571 2291 667 2333 suave
702 2268 779 2334 estl'
816 2274 898 2351 tum,
935 2292 1007 2335 cum
1046 2270 1162 2338 dolore

152 2354 323 2439 crucietur,
351 2355 509 2420 dicturum
538 2378 607 2421 esse
635 2358 835 2440 sapientem?
887 2357 963 2423 Nou
990 2358 1092 2442 igitur
1120 2381 1162 2424 ax

153 2442 290 2527 singulis
308 2443 438 2507 vocibus
457 2443 642 2527 philosophi
660 2445 825 2528 spectandi
844 2449 932 2528 sunt,
959 2445 1013 2509 sed
1033 2467 1071 2510 ex
1088 2468 1175 2530 per--

151 2532 307 2613 petuitate
331 2534 426 2614 atque
450 2533 639 2596 constantia.

98 2622 137 2744 ἐξ
217 2654 258 2717 Α.
287 2653 426 2717 Adducis
454 2675 520 2736 me,
546 2657 583 2717 ut
607 2654 667 2718 tibi
691 2653 862 2719 adsentiar.
908 2653 971 2718 Sed
997 2660 1055 2718 tua
1082 2678 1161 2740 quc·

151 2762 211 2823 que
236 2741 307 2804 vide
330 2763 370 2804 ne
394 2740 591 2805 desideretur
615 2742 804 2806 constantia.

217 2869 262 2926 M.
286 2863 432 2939 Quonam
459 2863 577 2927 modo?

216 2967 256 3031 A.
285 2967 368 3043 Quia
394 2968 459 3051 legi
486 2971 578 3031 tuum
605 2990 707 3050 nuper
729 2972 880 3053 quartum
903 2971 941 3034 de
962 2971 1096 3054 finibus;
1125 2972 1162 3037 in

151 3075 188 3116 1ο
212 3053 292 3116 mihi
316 3054 465 3118 videbare
489 3058 601 3119 contra
625 3053 781 3120 Catonem
806 3057 966 3123 disserens
990 3059 1052 3123 hoc
1075 3059 1161 3124 velle

151 3141 329 3224 ostendero,
353 3142 437 3225 quod
456 3143 536 3206 mihi
555 3142 683 3226 quidem
701 3144 871 3228 probatur,
894 3146 977 3209 inter
995 3145 1162 3211 Zenonem

151 3229 184 3288 et
219 3226 451 3310 Peripateticos
487 3230 569 3293 nihil
604 3235 731 3314 praeter
766 3233 937 3297 verborum
979 3233 1161 3299 novitatem

150 3313 315 3379 1111111111.
361 3315 455 3391 Quod
478 3318 505 3381 si
527 3318 575 3381 ita
597 3322 660 3401 est,
687 3319 763 3402 quid
786 3324 836 3384 111
859 3341 988 3403 causae,
1016 3320 1107 3405 quin,
1131 3323 1162 3386 si

149 3399 289 3466 Zenonis
316 3403 436 3466 rationi
464 3409 714 3469 consentaneum
742 3407 785 3470 sit
813 3407 891 3472 satis
917 3428 1069 3491 maguam
1093 3408 1162 3473 vim

69 3550 79 3581 :
160 3508 183 3554 n
207 3492 326 3555 virtute
351 3511 419 3554 esse
442 3491 482 3555 ad
509 3491 603 3556 beate
626 3493 811 3577 vivendum,
838 3495 934 3558 liceat
959 3494 1046 3558 idem
1068 3493 1160 3559 Peri·
