2476 3848
471 124 710 238 '..453-

91 332 215 418 Stoicis,
234 356 368 419 quorum
387 334 594 400 satis'rideor
612 334 791 398 defendisse
810 335 1008 398 sententiam.
1043 333 1088 397 Et

90 420 376 506 Peripateticorum
407 423 533 507 quidem
565 423 723 506 explicata
755 443 851 486 causa
881 427 931 485 est
961 425 1088 505 praeter

90 509 361 596 Theophrastum,
385 515 418 576 et
440 511 468 575 si
491 512 545 594 qui
566 511 656 575 illum
680 510 781 575 secuti
802 509 992 573 imbecillius
1014 509 1086 572 hor-

91 602 161 662 rent
192 598 335 664 dolorem
366 604 400 663 et
429 599 651 682 reformidant3
687 598 818 681 reliquis
851 597 978 682 quidem
1013 597 1089 660 licet

90 686 195 750 facere
212 686 258 769 id,
281 687 365 771 quod
383 686 449 751 fere
466 686 602 768 faciunt,
620 690 657 750 ut
674 687 867 770 gravitatem
885 684 1088 770 dignitatem·

89 795 151 858 que
177 774 308 839 virtutis
336 779 536 860 exaggerent.
589 773 699 850 Quam
718 796 790 838 cum
817 772 858 836 ad
885 773 1007 836 caelum
1037 794 1089 836 ex·

90 862 246 945 tulerunt,
274 863 357 946 quod
379 863 483 926 facere
506 863 689 947 eloquentes
718 861 864 926 homines
888 861 1016 944 copiose
1039 883 1088 925 so-

90 951 171 1031 lent,
198 951 320 1034 reliqua
342 973 381 1015 ex
403 952 583 1015 conlatione
610 950 704 1015 facile
732 953 781 1014 est
808 953 970 1014 conterere
994 952 1089 1034 atque

92 1042 302 1102 contemnere.
346 1038 414 1103 Nec
436 1038 522 1102 enim
544 1039 621 1102 licet
642 1039 695 1121 iis,
718 1039 772 1122 qui
795 1037 921 1102 laudem
941 1059 1012 1102 cum
1035 1038 1088 1102 do-

90 1126 159 1191 lore
190 1126 360 1208 petendam
387 1146 456 1190 esse
484 1126 604 1208 dicant,
635 1146 752 1210 negare
780 1148 834 1190 eos
867 1147 936 1190 esse
967 1126 1089 1206 beatos,

91 1214 146 1297 qui
168 1214 257 1277 illam
280 1213 388 1297 adepti
412 1217 494 1278 sunt.
540 1213 739 1297 Quamquam
762 1214 848 1277 enim
875 1215 940 1277 sint
967 1214 1000 1277 in
1023 1214 1090 1297 qui·
1166 1295 1170 1302 ἱ

90 1301 227 1366 busdam
250 1302 357 1384 malis,
383 1305 492 1365 tamen
514 1301 576 1365 hoc
597 1322 714 1366 nomen
736 1302 822 1365 beati
851 1302 946 1385 longe
970 1306 1002 1365 et
1023 1302 1089 1365 late

91 1393 192 1472 patet.

156 1476 242 1541 Nam
273 1481 310 1541 ut
340 1478 531 1561 quaestuosa
563 1479 755 1558 mercatura,
789 1475 953 1539 fructuosa
985 1436 1141 1562 urceoli

92 1565 221 1649 dicitur,
252 1587 318 1629 non
350 1565 378 1629 si
409 1564 511 1628 altera
542 1584 667 1646 semper
698 1563 787 1626 omni
822 1562 952 1644 damno,
988 1563 1089 1626 altera

93 1653 181 1717 omni
216 1652 418 1736 tempestatis
454 1652 636 1715 calamitate
671 1671 796 1733 semper
832 1654 939 1732 vacat,
975 1650 1030 1714 sed
1062 1651 1089 1715 si

92 1740 195 1805 multo
219 1741 338 1805 maiore
360 1763 405 1805 ex*
420 1743 511 1823 parte
534 1742 638 1802 exstat
659 1739 694 1803 in
717 1743 851 1822 utraque
874 1738 1021 1820 felicitas,
1044 1739 1089 1803 sic

92 1830 159 1892 vita
185 1851 251 1893 non
278 1829 382 1893 solum
409 1829 436 1891 si
463 1827 601 1911 undique
628 1826 747 1890 referta
773 1827 867 1890 bonis
891 1828 954 1907 est,
981 1825 1037 1890 sed
1061 1827 1090 1890 si

92 1917 194 1981 multo
221 1918 342 1982 maiore
366 1920 398 1980 et
425 1917 572 2001 graviore
595 1918 746 1998 exparte
773 1914 858 1978 bona
882 1914 1090 1997 propendent,

92 2004 189 2068 beata
206 2009 292 2069 recte
310 2005 371 2069 dici
389 2007 504 2087 potest.
540 2001 696 2086 Sequetur
713 2003 814 2086 igitur
831 2001 946 2067 horum
964 2003 1088 2067 ratione
1107 2023 1140 2071 87

92 2092 143 2154 vel
174 2091 213 2154 ad
245 2092 437 2175 supplicium
468 2092 564 2155 beata
598 2092 665 2156 rita
696 2091 846 2154 virtutem
882 2112 1015 2174 cumque
1051 2112 1090 2154 ea

92 2177 262 2242 descendet
279 2180 312 2243 in
330 2183 459 2243 taurum
477 2179 668 2261 Aristotele,
690 2177 881 2261 Xenocrate,
902 2175 1089 2262 Speusippo,

92 2265 265 2330 Polemone
303 2267 484 2330 auctoribus
520 2288 578 2331 nec
615 2289 685 2330 eam
718 2267 826 2350 minis,
861 2267 1088 2331 blandimentis

93 2358 244 2436 corrupta
266 2354 399 2417 deseret.
434 2353 556 2418 Eadem
575 2351 790 2436 Calliphontis
813 2355 875 2417 erit
893 2353 1089 2437 Diodorique

93 2441 262 2524 sententia,
281 2462 416 2526 quorum
434 2445 565 2516 uterque
583 2441 784 2505 honestatem
799 2441 845 2512 sic
858 2442 1090 2525 complectitur,

93 2533 130 2593 ut
160 2530 281 2613 omnia,
312 2550 393 2613 quae
425 2530 493 2593 sine
514 2523 563 2592 ‘ea
595 2529 671 2612 sint,
702 2528 798 2614 longe
827 2533 913 2594 retro
942 2529 1090 2612 ponenda

93 2621 229 2681 censeat.
280 2617 408 2701 Reliqui
434 2616 551 2681 habere
579 2637 612 2680 se
639 2615 786 2682 ridentur
809 2618 989 2701 angustius,
1017 2638 1088 2680 ena-

92 2708 165 2768 tant
191 2709 312 2789 tamen,
343 2705 515 2789 Epicurus,
546 2703 775 2789 Hieronymus,
805 2709 838 2768 et
864 2705 891 2768 si
923 2705 978 2788 qui
1005 2710 1090 2788 sunt,

93 2793 146 2874 qui
187 2793 347 2859 desertum
386 2793 466 2857 illud
506 2791 722 2857 Carneadeum
762 2796 874 2857 curent
913 2792 1090 2857 defendere.

92 2878 196 2943 Nemo
224 2885 274 2946 est
296 2883 380 2945 enim
403 2901 526 2964 eorum,
552 2881 628 2964 quin
654 2881 811 2946 bonorum
835 2880 976 2944 animum
999 2876 1090 2963 putet

93 2988 163 3029 esse
185 2968 321 3033 iudicem
344 2989 479 3051 eumque
501 2968 748 3051 condocefeciat,
771 2972 807 3031 ut
830 2989 880 3052 ea,
903 2990 983 3052 quae
1006 2968 1091 3033 bona

93 3054 217 3118 malave
240 3057 421 3138 videantur,
443 3056 547 3139 possit
568 3059 778 3121 contemnere.
818 3055 903 3119 Nam
926 3078 1006 3141 quae
1028 3057 1089 3121 tibi
1107 3076 1141 3126 88

92 3141 224 3224 Epicuri
251 3143 389 3226 videtur,
417 3144 528 3208 eadem
556 3144 617 3207 erit
643 3143 830 3226 Hieronymi
858 3148 890 3206 et
917 3143 1089 3210 Carneadis

93 3252 190 3294 causa
204 3233 236 3294 et
253 3230 381 3296 hercule
395 3233 539 3296 omnium
552 3232 755 3315 reliquorum.
785 3230 862 3307 Quis
877 3233 962 3297 enim
975 3255 1089 3316 parum
1147 3296 1150 3301 .

91 3323 142 3382 est
168 3321 279 3382 contra
304 3323 442 3385 mortem
470 3324 525 3384 aut
553 3319 694 3384 dolorem
720 3320 873 3403 paratus?
918 3319 1091 3385 Ordiamur

91 3406 217 3558 qbco,
249 3408 276 3472 si
306 3410 426 3492 placet,
458 3429 552 3491 quem
578 3407 721 3492 mollem,
749 3430 842 3493 quem
872 3409 1089 3492 voluptarium

113 3516 259 3561 rcrmus.
