2476 3848
446 197 599 261 -463
644 231 686 243 -—

60 362 175 442 tatem,
207 358 254 423 sio
281 358 359 424 licet
390 358 503 423 surdos
536 357 578 421 ad
608 358 783 422 oculorum.
834 355 978 439 Etenim,
1009 357 1062 438 qui

61 467 169 510 secum
191 446 280 530 loqui
302 446 436 530 poterit,
464 465 643 510 sermonem
671 444 804 508 alterius
826 465 891 508 non
913 443 1063 526 requiret.

127 531 349 618 Congerantur
379 535 416 600 in
446 555 544 598 unum
576 532 699 615 omnia,
725 535 763 596 ut
789 531 873 595 idem
901 531 1003 597 oculis
1030 541 1063 593 et

61 622 191 686 auribus
214 627 327 706 captus
351 623 408 708 sit,
433 625 600 707 prematur
621 621 718 684 etiam
745 619 910 684 doloribus
939 639 1063 682 acerru-

61 710 123 773 mis
143 711 295 793 corporis.
330 710 394 787 Qui
410 711 551 796 primum
573 730 631 793 per
648 729 682 772 se
705 708 768 791 ipsi
786 708 1063 807 plerumqueoon-

60 796 174 860 ficiunt
195 797 372 882 hominem3
401 799 453 863 sin
474 797 558 863 forte
580 796 817 881 longinquitate
839 794 988 895 producti
1012 814 1061 857 ve·

61 884 242 950 hementius
271 890 380 953 tamen
408 889 572 970 torquent,
602 906 698 970 quam
728 888 765 949 ut
794 904 892 947 causa
920 884 976 966 s1t,
1006 902 1062 945 cur

59 972 217 1055 ferantur,
243 975 321 1057 quid
343 978 394 1039 est
413 974 557 1055 tandem,
580 973 612 1038 di
635 972 726 1055 boni,
748 971 833 1055 quod
855 969 1061 1036 laboremus?

59 1059 176 1124 Portus
199 1061 283 1124 enim
304 1066 433 1145 praesto
456 1065 518 1145 est,
546 1061 711 1146 [quoniam
738 1080 826 1124 mors
852 1058 974 1124 ibidem
997 1059 1059 1139 est]

60 1151 226 1212 aeternum
261 1149 342 1213 nihil
378 1150 534 1215 sentiendi
569 1148 815 1231 receptaculum.
874 1146 1060 1213 Theodorus

59 1234 252 1318 Lysimacho
279 1241 415 1302 mortem
442 1237 606 1302 minitanti
637 1233 830 1320 ‘Magnum
862 1233 981 1318 vero',
1012 1235 1059 1300 in-

60 1323 144 1406 quit,
171 1322 372 1407 ‘effecisti,
399 1325 432 1390 si
458 1324 698 1390 cantharidis
726 1324 800 1387 vim
832 1327 1059 1387 consecutus

60 1409 118 1474 es.'
154 1410 274 1475 Paulus
292 1410 384 1476 Persi
400 1413 596 1498 deprecanti,
614 1434 655 1477 ne
672 1413 707 1476 in
724 1409 890 1495 triumpho
909 1410 1034 1474 ducere·
1059 1420 1109 1469 118

59 1502 125 1581 tur,
158 1497 217 1562 ‘In
241 1497 308 1565 tua
338 1500 377 1564 id
408 1500 556 1586 quidem
591 1504 786 1584 potestate
818 1496 897 1562 est'
954 1496 1059 1563 Multa

59 1586 163 1668 primo
183 1586 247 1669 die,
265 1608 338 1652 cum
356 1587 396 1652 de
412 1587 484 1673 ipsa
501 1593 603 1653 morte
621 1608 853 1674 quaereremus,
873 1607 940 1650 non
957 1606 1059 1669 pauca

60 1673 157 1737 etiam
178 1679 322 1760 postero,
344 1697 416 1741 cum
438 1680 587 1760 ageretur
609 1676 648 1741 de
671 1677 793 1760 dolore,
817 1677 891 1739 sunt
913 1673 998 1738 diota
1019 1673 1058 1737 de

58 1767 176 1844 morte,
198 1783 279 1846 quae
303 1763 359 1848 qui
375 1764 570 1847 recordetur,
592 1764 678 1829 haud
700 1786 778 1829 sane
799 1763 976 1848 periculum
1000 1765 1057 1845 est,

58 1869 99 1912 ne
116 1871 183 1914 non
200 1855 338 1915 mortem
356 1856 413 1916 ant
430 1852 604 1935 optandam
622 1857 679 1917 aut
697 1857 781 1916 certe
799 1873 865 1916 non
882 1849 1057 1915 timendam

58 1939 157 2018 putet.
192 1937 275 2002 Mihi
298 1939 426 2024 quidem
448 1941 483 2004 in
505 1941 573 2005 vita
594 1941 752 2005 servanda
770 1940 895 2005 videtur
916 1939 974 2003 illa
996 1938 1057 2021 lex,
1065 1932 1107 1996 41

59 2045 140 2105 quae
163 2025 198 2088 in
220 2023 415 2091 Graecorum
433 2028 588 2093 conviviis
606 2029 782 2094 obtinetur:
807 2028 899 2093 ‘Aut
916 2024 1057 2110 bibat',

59 2111 175 2193 inquit,
209 2112 290 2177 ‘aut
321 2114 454 2180 abeat'
506 2116 551 2179 llt
577 2121 671 2180 recte.
710 2117 787 2180 'Aut
819 2117 903 2181 eninr
932 2115 1058 2180 fruatur

60 2196 175 2279 aliquis
207 2201 327 2281 pariter
359 2223 431 2266 cum
463 2203 536 2267 aliis
568 2204 733 2286 voluptate
760 2204 893 2287 potandi
921 2207 990 2287 aut,
1015 2224 1056 2267 ne

59 2284 184 2347 sobrius
202 2286 237 2348 in
253 2285 438 2352 violentiam
456 2290 693 2355 vinulentorum
711 2291 844 2374 incidat,
864 2296 939 2356 ante
956 2292 1056 2356 disce·

59 2371 122 2434 dat.
167 2368 219 2435 Sic
244 2373 378 2438 iniurias
403 2373 567 2457 fortunae,
599 2399 678 2460 quas
709 2378 792 2443 ferre
819 2401 972 2463 nequeas,
1004 2379 1056 2443 de·

58 2458 209 2543 fugiendo
228 2460 400 2543 relinquas.
435 2461 524 2526 Haeo
541 2462 665 2546 eadem,
689 2486 769 2547 quae
791 2465 959 2551 Epicurus,
980 2467 1056 2531 toti·

58 2546 130 2609 dem
152 2547 258 2611 verbis
281 2547 359 2612 dicit
380 2549 604 2633 Hieronymus.

124 2634 243 2710 Quodsi
261 2635 286 2699 ii
302 2635 501 2720 philosophi,
523 2659 659 2722 quorum
677 2660 716 2702 ea
734 2641 894 2706 sententia
912 2644 971 2722 est,
996 2647 1032 2709 ut
1057 2656 1106 2705 119

57 2727 159 2785 vntus
185 2744 242 2806 per
269 2744 303 2787 se
330 2724 401 2808 ipsa
426 2725 507 2789 nihil
533 2726 651 2806 valeat,
684 2748 851 2813 omneque,
884 2729 969 2814 quod
999 2730 1054 2794 ho·

57 2815 184 2873 nestum
211 2833 270 2875 nos
293 2815 326 2876 et
352 2813 512 2879 laudabile
534 2835 603 2878 esse
626 2813 773 2895 dicimus,
801 2816 833 2879 id
856 2817 906 2880 illi
928 2838 1055 2883 cassum

57 2896 207 2977 quiddam
235 2903 268 2962 et
293 2899 381 2964 inani
408 2900 496 2965 vocis
524 2923 602 2966 sono
630 2903 814 2967 decoratum
842 2926 911 2969 esse
936 2905 1055 2989 dicant,

58 2983 86 3045 ei
109 2987 216 3047 tamen
239 3007 364 3068 semper
386 2987 514 3052 beatum
534 2995 665 3054 censent
682 3012 752 3055 esse
771 2992 959 3077 sapientem,
977 2995 1054 3079 quid

56 3069 185 3134 tandem
217 3095 236 3135 a
268 3069 399 3137 Socrate
431 3081 463 3139 et
493 3075 627 3143 Platone
661 3079 814 3161 profectis
849 3079 1052 3167 philosophis

55 3158 234 3223 faciendum
257 3158 401 3226 iudicas?
429 3185 562 3246 quorum
591 3165 646 3229 alii
673 3170 797 3231 tantam
818 3170 997 3251 praestan'
1083 3184 1086 3191 '

56 3248 89 3310 in
112 3247 204 3311 bonis
227 3247 326 3311 animi
348 3269 417 3312 esse
440 3250 562 3329 dicunt,
585 3257 622 3317 ut
644 3255 685 3317 ab
708 3253 758 3319 his
779 3259 922 3342 corporis
945 3262 979 3323 et
1167 3312 1174 3337 ,

56 3340 144 3398 terna
173 3335 394 3422 obscurentur,
426 3338 481 3402 alii
508 3345 615 3404 autem
642 3340 787 3408 haecne
814 3346 899 3411 bona
923 3366 945 3429 q
969 3342 978 3361 ‘
1173 3344 1179 3361 “

56 3422 188 3506 ducunt,
210 3423 244 3488 in
266 3424 373 3489 animo
395 3433 555 3509 reponunt
579 3429 696 3495 omnia
741 3429 882 3508 Quorum
905 3452 943 3497 cc

56 3511 194 3575 versiam
217 3512 342 3576 solebat
369 3517 535 3598 tamquam
558 3517 748 3584 honorarius
771 3518 892 3585 arbiter
915 3518 923 3534 ‘
