2476 3848
529 179 770 244 -172—

141 365 341 429 quarumque
362 343 506 428 partium
529 340 674 427 eorporis
696 362 773 407 usus
792 344 868 406 sunt
885 341 1069 426 necessarii,
1093 363 1148 408 eas

139 454 243 517 neque
265 434 375 516 partes
397 453 502 514 neque
525 452 635 494 earum
653 450 730 495 usus
750 429 816 494 suis
835 429 1020 494 nominibus
1039 431 1149 515 appel·

140 521 224 603 lant,
250 519 398 604 quodque
420 518 526 584 facere
549 522 644 602 turpe
666 539 733 582 non
755 522 814 601 est,
837 517 933 582 modo
958 519 1092 602 occulte,
1115 517 1150 583 id

141 608 245 674 dicere
269 608 443 672 obscenum
466 610 524 671 est.
560 605 675 689 ltaque
697 626 756 670 nec
777 605 862 671 actio
885 626 994 670 rerum
1016 605 1149 671 illarum

89 700 269 780 cooperta
287 694 469 779 petulantia
486 697 581 758 vacat
598 714 657 757 nec
676 693 832 758 orationis
853 692 1044 758 obscenitas.
1079 692 1150 759 Neo

140 805 217 849 vero
245 782 394 848 audiendi
421 786 497 846 sunt
520 778 644 864 Cynici,
671 784 728 845 aut
755 781 784 844 si
812 781 868 865 qui
893 779 1025 845 fuenmt
1047 779 1152 847 Stoici

140 892 242 956 paene
266 869 391 954 Cynici,
417 869 472 954 qui
493 867 733 953 reprehendunt
756 872 789 932 et
810 868 965 952 inrident,
993 869 1078 953 quod
1103 890 1150 954 ea,

142 980 224 1043 quae
246 958 356 1042 turpia
377 978 444 1022 non
467 957 545 1040 sint,
572 955 680 1021 verbis
708 955 874 1041 flagitiosa
896 956 1063 1041 ducamus,
1090 957 1152 1022 illa

142 1049 264 1128 autem,
291 1067 372 1129 quae
395 1045 504 1128 turpia
529 1044 607 1128 sint,
634 1043 819 1108 nominibus
848 1044 1049 1128 appellemus
1073 1045 1150 1109 suis.

140 1132 357 1216 Latrocinari,
388 1132 551 1215 fraudare,
588 1131 771 1196 adulterare
802 1153 837 1195 re
868 1135 963 1217 turpe
996 1136 1059 1216 est,
1092 1132 1149 1197 sed

142 1221 259 1286 dicitur
275 1241 342 1284 non
360 1220 510 1304 obscene;
534 1219 646 1284 liberis
669 1219 746 1283 dare
769 1241 902 1304 operam
919 1241 955 1283 re
975 1220 1150 1286 honestum

142 1313 201 1392 est,
218 1307 349 1372 nomine
367 1308 555 1392 obscenum,
576 1307 732 1391 pluraque
750 1307 785 1370 in
803 1328 875 1372 eam
894 1308 1088 1373 sententiam
1107 1309 1150 1373 ab

142 1396 262 1462 eisdem
290 1398 404 1461 contra
430 1395 653 1461 verecundiam
681 1395 897 1479 disputantur.
942 1394 1011 1460 Nos
1040 1399 1150 1462 autem

140 1489 293 1549 naturam
325 1505 497 1568 sequamur
529 1487 562 1548 et
594 1483 635 1548 ab
668 1482 769 1566 omni,
803 1483 889 1566 quod
921 1484 1075 1548 abhorret
1107 1485 1150 1549 ab

142 1573 308 1637 oculorum
336 1571 525 1655 auriumque
553 1571 801 1655 approbatione,
832 1570 1010 1656 fugiamus3
1041 1574 1149 1637 status

141 1661 295 1743 incessus,
318 1660 418 1724 sessio
442 1658 611 1741 accubitio,
635 1659 746 1723 vultus
765 1658 850 1723 oculi
868 1681 1022 1723 manuum
1040 1662 1150 1723 motus

90 1763 139 1812 129
155 1751 265 1812 teneat
287 1746 370 1810 illud
393 1746 551 1810 decorum.
596 1744 719 1821 Quibus
746 1745 782 1809 in
803 1746 899 1810 rebus
923 1747 986 1811 duo
1009 1746 1149 1812 maxime

142 1839 218 1900 sunt
240 1833 408 1920 fugienda,
434 1855 475 1897 ne
503 1832 580 1916 quid
607 1832 826 1898 effeminatum
852 1839 909 1899 aut
931 1834 1030 1899 molle
1054 1838 1086 1899 et
1108 1857 1150 1899 ne

143 1922 219 2006 quid
246 1922 360 1985 durum
389 1924 445 1985 aut
467 1920 625 1985 rusticum
647 1921 699 1985 sit.
744 1919 812 1986 Nec
834 1943 911 1986 vero
934 1922 1150 1988 histrionibus

142 2010 390 2092 oratoribusque
414 2008 650 2073 concedendum
668 2013 731 2093 est,
753 2013 790 2072 ut
811 2009 852 2073 iis
871 2009 951 2075 haec
973 2014 1052 2094 apta
1075 2011 1149 2095 sint,

141 2097 236 2161 nobis
269 2096 436 2160 dissoluta.
490 2094 716 2162 Scaenicorum
752 2097 881 2180 quidem
912 2119 983 2163 mos
1019 2100 1149 2164 tantam

142 2183 242 2248 habet
268 2187 376 2248 vetere
405 2183 575 2268 disciplina
601 2184 838 2268 verecundiam,
869 2190 907 2249 ut
937 2187 972 2251 in
999 2208 1150 2251 scaenam

143 2271 212 2336 sine
236 2270 438 2357 subligaculo
461 2270 597 2355 prodeat
619 2293 728 2355 nem03
750 2276 904 2337 verentur
927 2274 1025 2358 enim,
1048 2296 1098 2358 ne,
1121 2275 1152 2339 si

144 2381 207 2443 quo
235 2381 311 2425 casu
338 2359 493 2442 evenerit,
520 2362 558 2423 ut
585 2359 730 2443 corporis
757 2364 868 2444 partes
896 2362 1054 2445 quaedam
1077 2384 1151 2446 ape-

142 2447 278 2531 riantur,
301 2447 500 2532 aspiciantur
521 2468 587 2511 non
610 2447 731 2512 decore.
766 2447 889 2513 Nostro
908 2449 1036 2533 quidem
1059 2471 1151 2514 more

143 2557 217 2601 cum
239 2535 427 2619 parentibus
450 2535 588 2619 puberes
609 2535 684 2619 filii,
712 2557 785 2600 cum
807 2535 927 2600 soceris
951 2535 1062 2621 generi
1083 2557 1150 2600 non

143 2624 302 2688 lavantur.
347 2622 528 2688 Retinenda
558 2622 661 2708 igitur
693 2627 743 2686 est
773 2623 869 2687 huius
901 2623 1028 2708 generis
1063 2644 1151 2687 vere-

91 2765 110 2828 3
144 2712 272 2796 cundia,
295 2711 488 2796 praesertim
509 2714 629 2775 natura
650 2711 723 2794 ipsa
745 2711 903 2796 magistra
924 2713 958 2775 et
981 2710 1068 2776 duce.

92 2765 142 2893 1ἓο
210 2798 293 2864 Oum
312 2803 421 2863 autem
439 2798 688 2882 pulchritudinis
705 2799 767 2864 duo
787 2819 906 2883 genera
919 2798 994 2882 sint,
1013 2820 1152 2883 quorum

143 2887 179 2951 in
201 2886 304 2950 altero
327 2889 481 2951 venustas
505 2886 561 2971 sit,
583 2886 618 2950 in
641 2887 743 2951 altero
767 2886 923 2971 dignitas,
946 2891 1152 2953 venustatem

143 2973 335 3038 muliebrem
349 2973 463 3038 ducere
474 2974 635 3058 debemuS,
650 2974 843 3059 dignitatem
855 2975 992 3040 virilem.
1013 2974 1104 3063 Ergo
1119 2981 1155 3040 et

145 3084 164 3125 a
181 3060 289 3124 forma
306 3065 511 3125 removeatur
530 3062 634 3127 omnis
653 3062 724 3127 viro
741 3084 808 3127 non
825 3062 942 3149 dignus
958 3069 1101 3148 ornatus
1119 3068 1154 3128 et

144 3148 219 3213 huic
233 3147 339 3212 simile
358 3148 473 3213 vitium
490 3149 526 3213 in
544 3154 639 3235 gestu
657 3153 812 3234 motuque
826 3155 987 3217 caveatur.
1018 3150 1105 3216 Nam
1119 3155 1154 3214 et

144 3235 331 3319 palaestrici
353 3239 462 3300 motus
486 3241 562 3302 sunt
581 3259 677 3322 saepe
696 3238 882 3325 odiosiores,
905 3243 939 3305 et
956 3238 1152 3303 histrionum

144 3344 211 3389 non
237 3323 320 3387 nulli
348 3327 460 3409 gestus
487 3324 619 3410 ineptiis
646 3347 713 3390 non
739 3331 869 3410 vacant,
897 3331 930 3392 et
956 3327 992 3391 in
1013 3330 1154 3410 utroque

145 3432 263 3496 genere
287 3432 369 3496 quae
392 3416 468 3475 sunt
490 3418 579 3478 recta
602 3417 635 3477 et
658 3413 831 3499 simplicia,
857 3413 1040 3480 laudantur.
1075 3413 1154 3479 For-

71 3521 218 3624 ⁵*mae
241 3503 349 3597 autem
373 3498 515 3584 dignitas
538 3499 657 3566 coloris
675 3501 823 3566 bonitate
843 3501 963 3567 tuenda
981 3505 1041 3589 est,
1064 3504 1156 3569 color
