2476 3848
475 189 712 256 -385—

90 375 157 416 non
188 352 293 417 solum
329 352 488 437 gloriosae
520 351 717 435 rhetoribus,
754 351 810 416 sed
846 352 945 416 etiam
980 351 1095 416 beatae

90 440 193 505 videri
224 439 336 505 solent
389 439 553 524 Repetunt
581 439 622 504 ab
648 438 844 523 Erechtheo,
876 440 965 517 ouius
995 440 1094 504 etiam

91 528 177 592 filiae
205 526 317 610 cupide
348 531 487 593 mortem
518 527 742 610 expetiverunt
772 549 831 611 pro
863 527 932 592 vita
963 526 1093 609 civium3

90 613 233 680 Codrum
256 620 502 698 comnwmoront,
524 615 579 699 qui
599 636 634 680 se
656 615 691 679 in
708 615 830 680 medios
848 614 973 679 inmisit
990 614 1094 679 hostis

91 707 180 768 veste
211 703 378 786 famulari,
408 724 449 767 ne
475 706 587 786 posset
615 703 780 787 adgnosci,
810 703 839 768 si
865 705 951 767 esset
979 705 1094 767 ornatu

91 792 195 876 regi0,
222 791 308 875 quod
335 791 498 856 oraculum
521 794 590 855 erat
619 792 741 873 dotum,
770 791 880 855 siren
905 789 1094 855 interfectus
1142 865 1149 882 .

92 882 189 961 esset,
212 879 360 944 victrices
379 878 525 943 Athenas
543 878 620 944 fore.
657 877 845 944 Menoeceus
867 899 933 943 non
954 881 1094 962 praeter-

92 967 244 1049 mittitur,
272 967 326 1050 qui
353 966 432 1030 item
460 967 590 1032 oraculo
618 966 703 1031 edito
732 967 871 1051 largitus
894 970 944 1031 est
970 965 1095 1049 patriae

92 1077 186 1120 suum
209 1055 405 1139 sanguinem.
444 1052 614 1139 Iphigenia
636 1054 752 1119 Aulide
776 1054 848 1119 duci
869 1075 904 1120 se
926 1053 1095 1119 immolan-

92 1143 167 1208 dam
195 1143 297 1226 iubet,
327 1141 384 1207 ‘ut
408 1142 578 1208 hostium
605 1142 786 1207 eliciatur
813 1140 900 1215 suo'
951 1141 1096 1207 Veniunt

93 1231 166 1296 inde
191 1230 231 1295 ad
252 1231 412 1315 propiora
451 1229 646 1295 Harmodius
675 1230 710 1294 in
737 1251 791 1294 ore
813 1234 912 1295 estet
935 1230 1152 1314 Aristogi-do

92 1325 164 1401 ton,
186 1317 456 1383 Lacedaemonius
475 1317 644 1402 Leonidas,
665 1316 836 1382 Thebanus
854 1317 1095 1400 Epaminondas

93 1407 189 1491 viget.
234 1406 372 1472 Nostros
393 1428 459 1471 non
480 1408 613 1490 nonmt,
635 1427 716 1490 quos
735 1426 919 1469 enumerare
941 1425 1095 1490 magnum

96 1500 157 1580 est3
180 1495 228 1559 ita
250 1497 326 1559 sunt
348 1494 455 1577 multi,
485 1494 601 1578 quibus
624 1493 768 1559 videmus
796 1493 949 1576 optabilis
974 1496 1095 1557 mortes
1140 1507 1150 1535 ·

93 1582 193 1647 fuisse
217 1605 288 1648 oum
311 1583 426 1667 gloria.

161 1670 250 1747 Quae
273 1692 344 1735 oum
372 1671 419 1734 ita
441 1669 521 1752 sint,
547 1689 667 1754 magna
688 1671 798 1732 tamen
820 1668 1003 1751 eloquentia
1025 1669 1075 1731 est
1097 1684 1149 1733 117

93 1758 247 1823 utendum
274 1763 370 1842 atque
397 1759 445 1822 ita
467 1757 556 1821 velut
583 1757 788 1840 superiores
816 1757 887 1821 loco
911 1756 1096 1821 contionan-

92 1848 182 1930 dum,
214 1851 251 1910 ut
281 1847 428 1912 homines
460 1849 598 1910 mortem
629 1845 680 1909 vel
712 1847 823 1928 optare
855 1843 1013 1927 incipiant
1044 1844 1096 1908 vel

92 1938 179 1999 certe
210 1935 324 1998 timere
356 1933 522 1999 desistant.
575 1933 659 2000 Nam
692 1933 720 1997 si
748 1953 914 2016 supremus
943 1932 1000 1997 ille
1029 1931 1096 1996 dies
1136 1938 1137 1941 ’

93 2044 158 2085 non
193 2023 435 2106 extinctionem,
472 2021 527 2086 sed
564 2021 849 2087 commutationem
885 2019 990 2085 adfert
1025 2020 1097 2105 loci,

93 2108 170 2190 quid
198 2109 396 2191 optabilius?
425 2110 476 2174 sin
503 2113 610 2174 autern
633 2109 763 2192 perimit
785 2131 823 2174 ao
849 2108 936 2174 delet
958 2109 1098 2191 omnino,

94 2194 171 2276 quid
198 2195 311 2259 melius
339 2218 436 2279 quam
461 2198 497 2260 in
523 2196 637 2261 mediis
667 2197 754 2261 vitae
784 2197 951 2262 laboribus
983 2197 1097 2262 obdor-

94 2283 227 2345 miscere
247 2286 279 2346 et
296 2283 343 2346 ite
361 2285 562 2347 coniventem
577 2305 690 2348 somno
705 2285 867 2367 consopiri
881 2284 1097 2368 sempiterno?

96 2369 188 2445 Quod
211 2370 239 2434 si
261 2369 332 2452 fiat,
356 2369 469 2434 melior
491 2370 590 2434 Ennii
612 2392 708 2453 quam
728 2369 856 2435 Solonis
880 2373 993 2437 oratio.
1035 2371 1098 2435 Hic

96 2458 182 2522 enim
205 2461 329 2522 noster:

138 2563 255 2629 Nemo
275 2584 330 2627 me
353 2562 524 2627 lacrimis
549 2561 717 2645 decoret,
739 2562 856 2647 inquit,
878 2585 945 2714 nefc
964 2564 1098 2627 funera

930 2651 1010 2714 letu

182 2741 308 2806 Faxitl

97 2855 143 2916 At
166 2877 241 2919 vero
265 2855 320 2918 ille
344 2855 486 2938 sapiens:

96 2956 197 3021 Mors
216 2980 359 3023 meane
377 2959 708 3041 eareatlacrimis;
727 2957 943 3041 linquamus
963 2960 1097 3025 amicis

139 3044 361 3130 Macronem,
388 3049 430 3109 ut
458 3048 653 3111 celebrent
682 3045 818 3110 funera
840 3067 921 3110 cum
943 3048 1097 3130 gemitu.

95 3159 164 3224 Nos
183 3180 269 3244 vero,
288 3160 317 3223 si
334 3159 410 3243 quid
427 3161 492 3224 tale
511 3160 670 3244 acciderit,
688 3162 759 3224 uta
777 3158 835 3224 deo
854 3159 1076 3226 denuntiatum
1100 3174 1149 3223 118

95 3247 254 3331 videatur,
281 3251 319 3311 ut
341 3269 489 3312 exeamus
517 3249 638 3332 evita,
668 3248 744 3312 lacti
767 3251 800 3311 et
822 3252 952 3332 agentes
975 3251 1096 3333 gratias

95 3358 264 3420 pareamus
292 3335 458 3420 emittique
484 3357 544 3400 nos
572 3358 589 3400 e
617 3334 764 3401 custodia
792 3338 824 3400 et
854 3336 954 3401 levari
983 3337 1097 3402 vinclis

96 3425 302 3508 arbitremur,
328 3426 365 3488 ut
392 3426 449 3488 aut
475 3423 510 3487 in
532 3427 696 3489 aeternam
721 3426 753 3488 et
779 3424 875 3508 plane
897 3425 931 3488 in
952 3429 1097 3490 nostram

97 3510 227 3576 domum
249 3513 458 3598 remigremus
482 3517 539 3577 aut
558 3513 647 3577 omni
665 3533 759 3578 sensu
782 3512 991 3596 molestiaque
1013 3534 1098 3577 care·
1133 3564 1142 3597 .,

165 3619 346 3675 aristotele,
360 3621 404 3668 dtr.
419 3621 533 3677 pullulent.
548 3622 663 3679 §tirinen-
921 3620 962 3664 ‘lb
