2476 3848
547 198 788 262 -212-

167 356 247 420 tatis
270 355 404 442 gradus,
427 355 473 421 sic
494 355 590 420 huius
614 354 766 421 scientiae
790 353 942 439 splendor
964 352 1089 419 deletus
1113 358 1177 440 est,

166 444 263 528 idque
276 465 314 508 eo
333 443 506 530 indignius,
525 443 611 527 quod
628 465 666 508 eo
684 446 830 526 tempore
848 441 910 507 hoc
928 441 1076 526 contigit,
1097 463 1175 508 curn

166 532 195 596 is
214 535 308 615 esset,
327 532 382 615 qui
401 553 511 596 omnes
526 532 717 616 superiores,
736 530 852 615 quibus
866 530 990 594 honore
1002 551 1063 613 par
1077 535 1175 615 esset,

168 619 302 685 scientia
323 619 419 684 facile
440 620 580 684 vicisset.
615 618 705 683 Haec
726 619 830 703 igitur
852 639 950 702 opera
973 621 1069 703 grata
1090 619 1175 684 mul-

167 707 211 772 tis
239 711 272 772 et
299 707 340 772 ad
366 708 528 772 beneficiis
552 707 801 790 obstringendos
824 705 970 771 homines
994 727 1175 772 accommo-

116 813 149 863 66
169 795 253 860 data.
298 794 406 879 Atque
433 795 508 860 huic
536 795 600 859 arti
621 795 770 858 finituma
793 797 843 858 est
866 793 990 858 dicandi
1013 794 1173 880 [gravior]

167 883 306 947 facultas
330 886 363 947 et
386 883 511 968 gratior
534 886 567 946 et
589 883 742 947 ornatior.
779 881 862 958 Quid
880 882 966 946 enim
986 882 1174 966 eloquentia

167 970 397 1055 praestabilius
424 971 477 1036 vel
505 970 716 1035 admiratione
744 969 941 1034 audientium
968 970 1021 1035 vel
1046 991 1103 1054 spe
1126 971 1174 1035 in·

168 1058 347 1143 digentium
369 1058 422 1123 vel
445 1081 565 1136 eorum,
588 1058 644 1142 qui
666 1057 789 1123 defensi
812 1061 896 1141 sunt,
920 1057 1049 1142 gratia?
1085 1056 1173 1123 Huic

169 1148 322 1230 [quoque]
338 1167 414 1230 ergo
429 1169 449 1211 a
462 1146 638 1211 maioribus
652 1145 774 1211 nostris
789 1150 839 1210 est
852 1146 887 1210 in
904 1148 985 1230 toga
1000 1145 1172 1230 dignitatis

168 1234 367 1318 principatus
400 1235 504 1300 datus.
552 1233 676 1299 Diserti
706 1234 808 1319 igitur
838 1233 980 1298 hominis
1012 1237 1045 1298 et
1075 1232 1172 1299 facile

167 1321 357 1406 laborantis,
380 1324 528 1407 quodque
550 1323 585 1387 in
606 1322 722 1408 patriis
745 1325 795 1387 est
817 1321 971 1404 moribus,
993 1322 1172 1387 multorum

169 1431 281 1474 causas
309 1414 342 1474 et
369 1432 435 1476 non
462 1415 595 1496 gravate
623 1414 656 1475 et
683 1410 827 1496 gratuito
856 1409 1054 1474 defendentis
1078 1410 1173 1475 bene

115 1515 148 1565 67
166 1497 240 1563 ficia
263 1502 295 1562 et
317 1499 497 1583 patrocinia
515 1500 582 1565 late
599 1503 721 1584 patent.
758 1497 963 1563 Admonebat
981 1519 1032 1562 me
1050 1519 1111 1580 res,
1134 1502 1173 1562 ut

167 1587 229 1651 hoo
248 1609 374 1670 quoque
392 1589 463 1653 loco
481 1588 755 1652 intermissionem
773 1586 985 1669 eloquentiae,
1006 1606 1048 1649 ne
1066 1585 1172 1650 dicam

166 1674 344 1758 interitum,
367 1675 581 1760 deplorarem,
605 1676 641 1739 ni
661 1696 798 1757 vererer,
820 1695 861 1737 ne
884 1673 922 1737 de
945 1672 1088 1756 meipso
1112 1672 1173 1738 ali·

75 1777 78 1782 ·
168 1763 244 1846 quid
266 1764 391 1828 viderer
420 1764 517 1847 queri.
563 1761 626 1827 Sed
650 1766 762 1826 tamen
789 1761 948 1845 videmus,
976 1760 1091 1844 quibus
1118 1781 1172 1825 ex-

168 1851 296 1915 stinctis
324 1851 507 1915 oratoribus
535 1872 633 1934 quam
658 1851 694 1914 in
719 1849 830 1934 paucis
863 1870 950 1932 spes,
982 1852 1103 1932 quanto
1136 1849 1173 1913 in

167 1938 372 2023 paucioribus
390 1937 540 2021 facultas,
558 1960 655 2021 quam
672 1938 707 2001 in
725 1937 837 2002 multis
858 1936 901 2001 sit
919 1937 1060 2002 audacia
1088 1934 1172 2002 Oum

168 2029 276 2090 autem
294 2047 404 2090 omnes
422 2047 489 2090 non
511 2025 646 2109 possint,
667 2047 708 2090 ne
731 2025 827 2090 multi
850 2025 988 2109 quidem,
1011 2027 1067 2090 aut
1088 2024 1170 2090 iuris

167 2113 265 2196 periti
296 2134 365 2177 esse
397 2117 454 2178 aut
486 2113 610 2197 diserti,
641 2113 718 2179 licet
749 2117 859 2178 tamen
890 2134 989 2197 opera
1017 2112 1171 2197 prodesse

166 2201 279 2265 multis
305 2201 460 2266 beneficia
485 2205 662 2286 petentem,
694 2200 972 2267 commendantem
1002 2200 1171 2280 iudicibus,

168 2288 430 2374 magistratibus,
457 2290 649 2375 vigilantem
670 2312 730 2374 pro
753 2311 788 2354 re
814 2289 962 2372 alterius,
989 2309 1045 2354 eos
1071 2288 1171 2373 ipsos,

167 2377 223 2460 qui
250 2381 306 2441 aut
326 2377 544 2442 consuluntur
571 2382 628 2442 aut
655 2377 841 2460 defendunt,
868 2380 1052 2462 rogantem
1084 2377 1171 2460 quod

167 2466 223 2551 qui
238 2465 371 2544 faciunt,
392 2466 569 2550 plurimum
588 2467 712 2553 gratiae
730 2469 977 2550 consequuntur,
998 2464 1171 2529 latissime-

115 2569 148 2618 68
167 2576 228 2638 que
252 2576 362 2620 eorum
384 2559 497 2619 manat
518 2555 686 2620 industria.
729 2552 801 2619 Iam
822 2553 904 2617 illud
928 2574 996 2618 non
1018 2554 1094 2617 sunt
1116 2552 1171 2618 ad-

167 2642 317 2707 monendi
344 2645 408 2726 (est
437 2643 523 2708 enim
553 2643 588 2707 in
619 2641 800 2727 promptu),
831 2644 868 2705 ut
900 2640 1170 2724 animadvertant,

166 2753 239 2796 cum
266 2731 377 2796 iuvare
405 2731 487 2795 alios
514 2730 630 2814 velint,
660 2751 702 2794 ne
734 2750 814 2812 quos
846 2728 1021 2795 offendant.
1066 2725 1170 2812 Saepe

166 2819 251 2882 enim
275 2823 331 2883 aut
354 2840 408 2883 cos
430 2819 570 2902 laedunt,
593 2839 674 2901 quos
691 2828 758 2881 non
776 2816 902 2900 debent,
925 2820 982 2881 aut
1000 2837 1065 2900 eos,
1088 2837 1170 2899 quos

164 2928 232 2970 non
250 2907 391 2989 expedit,
414 2906 442 2970 si
460 2905 677 2991 inprudentes,
699 2905 925 2990 neglegentiae
943 2908 1003 2988 est,
1021 2904 1050 2969 si
1068 2903 1170 2968 soien-

165 2995 231 3072 tes,
258 2994 461 3057 temeritatis.
506 2992 670 3058 Utendum
693 2992 793 3056 etiam
814 2995 865 3058 est
887 2992 1092 3058 excusatione
1115 2991 1171 3057 ad·

44 3087 48 3093 '
165 3101 276 3143 versus
300 3101 369 3164 eos,
397 3103 477 3164 quos
499 3081 621 3146 invitus
649 3079 803 3163 offendas,
832 3102 1031 3164 quacumque
1053 3079 1172 3165 possis,

165 3187 265 3250 quare
288 3166 329 3250 id,
354 3170 438 3251 quod
459 3169 584 3254 feceris,
606 3190 736 3235 necesse
755 3168 855 3233 fuerit
872 3189 931 3233 nec
950 3169 1046 3234 aliter
1063 3167 1171 3233 facere

164 3254 324 3338 potueris,
356 3256 533 3341 ceterisque
566 3258 672 3342 operis
706 3260 738 3321 et
770 3256 885 3322 officiis
916 3257 978 3321 erit
1005 3255 1051 3340 id,
1084 3255 1172 3339 quod

165 3341 324 3407 violatum
347 3344 522 3430 videbitur,
545 3345 825 3430 compensandum.

112 3398 156 3524 Ξὲ)
232 3428 295 3495 Sed
317 3454 389 3497 eum
407 3432 442 3497 in
459 3433 645 3498 hominibus
663 3432 811 3499 iuvandis
830 3436 887 3498 aut
904 3454 1011 3499 mores
1030 3432 1173 3517 spectari

67 3546 106 3634 Ι
165 3523 221 3585 aut
244 3519 376 3586 fortuna
398 3522 515 3605 soleat,
544 3521 632 3587 dictu
655 3521 783 3606 quidem
806 3524 856 3586 est
878 3521 1035 3606 proclive,
1057 3520 1171 3606 itaque
