2476 3848
471 199 712 265 -169-

90 360 218 447 ingredi
244 360 361 426 melius
391 363 490 444 esset,
521 361 583 426 hoo
609 358 744 427 Herculi
771 361 870 427 ‘Iovis
898 366 972 428 satu
1000 362 1099 429 edito'

90 449 199 535 potuit
220 448 361 514 fortasse
384 448 581 534 contingere,
603 449 699 514 nobis
721 470 787 514 non
808 449 897 533 item,
921 450 977 534 qui
994 450 1100 516 imita-

91 559 176 621 mur,
204 558 285 621 quos
308 536 422 620 cuique
444 537 551 601 visum
573 539 637 620 est,
665 540 762 620 atque
789 536 830 602 ad
858 559 969 602 eorum
992 538 1101 602 studia

92 625 307 709 institutaque
328 623 542 709 impellimur3
568 624 758 710 plerumque
781 628 890 690 autem
916 625 1100 710 parentium

93 714 273 797 praeceptis
296 712 404 777 inbuti
426 711 467 776 ad
491 733 601 777 eorum
626 712 891 778 consuetudinem
914 734 1100 797 moremque

95 799 291 884 deducimur3
315 799 372 865 alii
394 799 614 864 multitudinis
634 799 752 865 iudicio
775 799 932 885 feruntur,
955 821 1101 885 quaeque

93 887 209 952 maiori
222 887 310 972 parti
323 886 542 972 pulcherrima
553 887 711 971 videntur,
725 909 763 954 ea
777 888 915 953 maxime
931 892 1101 974 exoptant3

93 996 159 1040 non
180 975 263 1039 nulli
288 978 400 1042 tumen
422 975 490 1039 sive
516 973 673 1040 felicitate
700 975 839 1059 quadam
862 976 930 1042 sire
952 976 1100 1042 bonitate

93 1066 229 1163 naturae
251 1061 320 1128 sine
342 1062 528 1147 parentium
553 1062 724 1149 disciplina
745 1067 868 1129 rectam
888 1064 975 1130 vitoe
998 1065 1101 1130 secuti

96 1153 378 1303 sunilliidmairtem
395 1237 536 1303 maxime
555 1260 666 1303 rarum
689 1259 790 1324 genus
814 1243 865 1304 est
887 1261 1008 1325 eorum,
1031 1239 1087 1324 qui
1102 1211 1153 1337 131}

94 1329 151 1390 aut
169 1325 339 1390 excellenti
354 1326 477 1410 ingenii
494 1326 717 1410 magnitudine
736 1330 793 1390 aut
810 1328 978 1410 praeclara
997 1328 1100 1392 erudi·

93 1413 182 1478 tione
210 1416 306 1496 atque
333 1413 481 1478 doctrina
509 1416 565 1478 aut
592 1417 730 1497 utraque
757 1435 792 1478 re
820 1415 926 1477 ornati
957 1415 1100 1498 spatium

95 1501 193 1566 etiam
216 1500 415 1566 deliberandi
437 1501 635 1584 habuerunt,
663 1521 758 1584 quem
785 1500 991 1583 potissimum
1013 1502 1101 1567 vitae

95 1609 222 1654 cursum
250 1589 342 1673 sequi
369 1589 505 1672 vellent3
532 1588 566 1651 in
594 1609 657 1672 qua
685 1587 917 1652 deliberatione
944 1588 985 1653 ad
1008 1609 1100 1661 suam

94 1677 245 1761 cuiusque
277 1680 429 1742 naturam
461 1676 631 1741 consilium
664 1678 713 1740 est
745 1695 840 1740 omne
876 1675 1100 1742 revocandum.

93 1763 178 1831 Nam
196 1786 270 1830 oum
287 1765 324 1829 in
341 1764 501 1847 omnibus,
524 1785 606 1848 quae
625 1767 774 1849 aguntur,
798 1785 836 1828 ex
855 1784 903 1848 eo,
921 1785 984 1847 quo
1004 1764 1099 1829 modo

94 1853 228 1937 quisque
249 1856 348 1918 natus
372 1855 434 1935 est,
461 1855 499 1917 ut
521 1873 620 1937 supra
642 1852 764 1917 dictum
787 1855 850 1937 est,
880 1852 957 1936 quid
980 1852 1100 1935 deceat,

94 1941 306 2024 exquirimus,
332 1944 403 2004 tum
430 1940 465 2003 in
487 1943 559 2005 tota
581 1940 650 2006 vita
675 1940 900 2006 constituenda
923 1941 1026 2005 multo
1050 1943 1100 2004 est

94 2028 123 2092 ei
145 2029 193 2092 rei
215 2049 293 2093 cura
315 2027 419 2092 maior
441 2027 632 2112 adhibenda,
653 2032 691 2093 ut
714 2032 863 2094 constare
885 2029 919 2092 in
939 2027 1101 2114 perpetui·

93 2119 162 2180 tate
184 2115 272 2181 vitae
294 2115 457 2199 possimus
479 2116 643 2181 nobismet
663 2116 745 2200 ipsis
767 2137 826 2182 nec
848 2116 883 2181 in
905 2117 973 2182 ullo
993 2115 1099 2182 officio

94 2203 282 2268 claudicare.
318 2202 371 2266 Ad
393 2203 477 2268 hanc
500 2207 610 2268 autem
629 2205 790 2270 rationem
812 2204 965 2288 quoniam
987 2204 1153 2271 maxi-120

93 2312 181 2356 mam
203 2291 271 2356 rim
292 2293 412 2356 natura
433 2291 542 2375 habet,
564 2291 697 2357 fortuna
719 2292 909 2376 proximam,
931 2292 1100 2376 utriusque

94 2378 227 2448 omnino
253 2378 403 2444 habenda
429 2379 514 2444 ratio
540 2378 647 2443 estin
670 2379 840 2464 deligendo
864 2401 981 2465 genere
1003 2380 1100 2463 ritae,

94 2467 150 2531 sed
172 2469 309 2532 naturae
332 2467 451 2552 magis5
474 2468 578 2531 multo
602 2467 688 2548 enim
711 2470 743 2530 et
765 2466 890 2531 firmior
909 2470 958 2531 est
977 2471 1010 2531 et
1028 2489 1101 2533 con·

95 2554 243 2637 stantior,
261 2558 299 2618 ut
315 2554 448 2620 fortuna
464 2576 531 2619 non
548 2575 725 2637 numquam
743 2556 911 2637 tamquam
928 2554 1001 2637 ipsa
1017 2575 1100 2618 mor·

92 2642 171 2706 talis
203 2664 275 2707 oum
306 2642 474 2708 inmortali
510 2645 629 2707 natura
659 2661 806 2726 pugnare
837 2640 993 2705 videatur.
1038 2638 1101 2715 Qui

93 2729 195 2814 igitur
223 2730 263 2795 ad
289 2734 426 2795 naturae
454 2752 531 2795 suae
555 2750 622 2795 non
643 2728 780 2794 vitiosae
804 2747 905 2811 genus
928 2726 1099 2791 consilium

93 2817 222 2882 vivendi
255 2839 350 2883 omne
382 2818 569 2901 contulerit,
599 2817 629 2880 is
661 2815 879 2881 constantiam
910 2816 1022 2878 teneat
1052 2812 1100 2897 (id

95 2906 182 2969 enim
206 2906 345 2970 maxime
368 2905 483 2992 decet),
509 2905 574 2970 nisi
595 2904 681 2969 forte
703 2924 738 2967 se
758 2901 956 2966 intellexerit
974 2922 1100 2967 errasse

93 2992 127 3056 in
151 2993 320 3078 deligendo
349 3013 466 3078 genere
492 2993 588 3058 ritae.
633 2990 726 3066 Quod
749 2991 777 3054 si
800 2989 952 3055 acciderit
976 2989 1100 3076 (potest

94 3084 203 3145 autem
218 3081 383 3165 accidere),
397 3080 543 3144 facienda
557 3100 684 3143 morum
698 3077 988 3163 institutorumque

93 3168 140 3232 tio
159 3172 218 3234 est.
249 3168 333 3234 Eam
351 3168 565 3233 mutationem
584 3166 613 3231 si
630 3170 779 3252 tempora
799 3166 983 3233 adiuvabun

93 3255 156 3320 lius
184 3256 447 3340 commodiusque
473 3254 642 3338 faciemus;
669 3254 721 3319 sin
747 3254 868 3341 minus,
895 3275 929 3320 se
972 3253 999 3333 ’,

93 3344 388 3428 pedetemptimque
415 3342 575 3428 facienda,
606 3346 643 3407 ut
674 3343 848 3426 amicitias,
880 3363 963 3428 quae

94 3431 255 3498 delectent
282 3436 316 3498 et
342 3431 449 3496 minus
476 3431 668 3515 probentur,
696 3431 803 3518 magis
831 3429 961 3499 decere·

94 3519 257 3604 sapientes
292 3520 412 3585 sensim
448 3518 569 3584 diluere
606 3539 704 3604 quam
738 3520 901 3607 tepente·-
