2476 3848
534 162 775 227 -282-

149 325 195 389 eis
219 324 402 405 elaborant,
432 343 513 405 quae
541 322 647 386 sciunt
674 321 756 384 nihil
785 321 825 385 ad
849 343 883 385 se
907 320 1037 386 omnino
1060 323 1163 406 perti-

148 433 237 476 nere:
266 409 386 475 ‘Serit
413 411 584 492 arbores,
617 431 712 492 quae
740 408 858 472 alteri
891 410 1044 473 saeculo
1072 431 1162 495 pro-

97 515 131 565 co
151 498 254 582 sint’,
276 502 313 562 ut
337 499 383 563 ait
406 496 531 561 Statius
554 501 665 560 noster
687 497 722 559 in
740 493 951 580 Synephebis.
988 495 1058 560 Nec
1080 520 1160 563 vero

151 588 278 651 dubitat
307 586 464 671 agricola,
497 585 643 668 quamvis
677 584 720 648 sit
752 606 860 666 senex,
894 584 1074 668 quaerenti,
1106 587 1161 650 cui

151 679 246 758 serat,
270 674 475 758 respondere:
499 672 583 736 ‘Dis
606 672 896 754 inmortalibus,
920 671 983 754 qui
1007 694 1160 738 menon

151 763 326 846 accipere
345 762 454 825 modo
473 760 566 824 haec
585 782 604 823 a
623 760 835 824 maioribus
854 760 1074 841 voluerunt,
1093 762 1160 826 sed

112 850 268 915 8etiam
295 849 465 933 posteris
492 846 674 932 prodere.'
719 847 764 912 Et
792 847 906 911 melius
931 845 1090 912 Caecilius
1120 850 1159 914 de

152 960 227 1002 sene
251 937 347 1001 alteri
370 935 497 1005 saeculo
521 935 738 1019 prospiciente
762 957 859 1018 quam
881 935 963 998 illud
986 935 1084 1000 idem:

194 1024 354 1108 Edepdl,
379 1027 571 1105 senectuS,
595 1021 630 1086 si
650 1023 705 1086 nil
730 1023 931 1106 quicquam
956 1023 1061 1087 aliud
1084 1025 1159 1088 viti

194 1109 1158 1196 Adpdrtestecum,cumddvenis,unumidsatest,

196 1198 301 1282 Quod
317 1197 379 1263 dr'u
393 1199 555 1264 vivendo
570 1199 705 1280 multa,
725 1221 819 1281 quae
834 1220 909 1262 non
926 1198 1021 1282 volt,
1040 1199 1158 1265 videt.

141 1286 195 1352 'Ec
218 1288 322 1351 multa
344 1286 496 1369 fortasse,
520 1308 601 1369 quae
623 1287 706 1350 voltl
735 1290 831 1369 atque
854 1287 888 1350 in
911 1308 962 1364 ea,
986 1308 1068 1369 quae
1091 1309 1160 1353 non

151 1376 235 1458 volt,
268 1397 362 1458 saepe
395 1375 494 1439 etiam
527 1374 743 1439 adulescentia
774 1375 917 1438 incurrit.
963 1372 1050 1438 Illud
1079 1397 1157 1441 vero

150 1463 236 1528 idem
260 1461 417 1527 Caecilius
440 1463 601 1526 vitiosius:

110 1579 114 1587 ’
195 1551 287 1615 Tum
315 1551 487 1634 equidem
515 1548 554 1613 1‘n
582 1553 736 1613 senecta
763 1547 834 1613 hoc
858 1548 998 1648 deputo
1022 1549 1158 1613 miser-

871 1658 1023 1720 r1mum,

195 1722 348 1790 Sentire
363 1748 405 1790 ea
419 1728 548 1788 aetate
563 1726 716 1808 eumpse
736 1745 818 1787 esse
837 1724 1009 1788 odiosum
1028 1725 1156 1789 alteri.

97 1830 131 1878 26
150 1812 327 1878 Iucundum
350 1813 459 1896 potius
484 1834 581 1895 quam
604 1812 759 1875 odiosum.
795 1810 841 1876 Ut
864 1812 949 1875 enim
973 1813 1156 1877 adulescen-

150 1902 237 1964 tibus
260 1901 346 1964 bona
363 1900 471 1963 indole
490 1899 643 1982 praeditis
663 1900 824 1982 sapientes
844 1920 935 1964 senes
955 1899 1157 1964 delectantur

150 1989 315 2070 leviorque
337 1987 376 2050 fit
399 1991 544 2052 senectus
569 2008 687 2069 eorum,
711 1987 766 2070 qui
785 2009 804 2051 a
821 1987 987 2051 iuventute
1005 1989 1156 2053 coluntur

151 2078 184 2138 et
207 2075 400 2158 diliguntur,
428 2075 474 2138 sic
497 2074 717 2138 adulescentes
741 2096 853 2139 senum
875 2075 1056 2159 praeceptis
1080 2096 1156 2160 gau·

151 2162 235 2243 dent,
259 2161 374 2244 quibus
398 2162 439 2225 ad
461 2162 619 2226 virtutum
642 2161 749 2226 studia
773 2163 944 2246 ducuntur3
966 2185 1025 2228 nec
1048 2164 1155 2229 minus

150 2249 306 2334 intellego
331 2271 381 2312 me
403 2250 496 2314 vobis
520 2271 617 2332 quam
636 2250 715 2313 mihi
733 2272 791 2314 vos
811 2272 879 2314 esse
896 2250 1061 2316 iucundos.
1094 2250 1157 2316 Sed

150 2337 280 2419 videris,
309 2340 346 2400 ut
374 2341 519 2402 senectus
546 2360 612 2403 non
638 2338 734 2402 modo
762 2338 917 2423 languida
944 2342 1041 2422 atque
1068 2339 1155 2404 iners

149 2447 216 2488 non
243 2425 300 2508 sit,
332 2447 444 2490 verum
476 2426 573 2489 etiam
606 2426 649 2490 sit
677 2447 813 2510 operosa
840 2429 872 2489 et
900 2448 1026 2510 semper
1054 2448 1154 2512 agens

151 2513 274 2596 aliquid
301 2515 334 2577 et
360 2513 510 2596 moliens,
537 2514 604 2577 tale
632 2514 767 2596 scilicet,
796 2514 889 2596 quale
912 2514 1064 2596 cuiusque
1089 2519 1155 2579 stu·

151 2601 238 2664 dium
261 2601 296 2664 in
324 2601 488 2684 superiore
516 2602 584 2665 vita
614 2602 686 2666 fuit.
731 2600 836 2676 Quid?
864 2601 919 2684 qui
947 2602 1045 2665 etiam
1069 2603 1156 2667 addi·

150 2693 244 2754 scunt
259 2689 402 2772 aliquid?
422 2693 458 2752 ut
476 2693 509 2753 et
524 2687 674 2753 Solonem
693 2689 839 2754 versibus
859 2689 1055 2773 gloriantem
1070 2690 1155 2755 vide

149 2799 234 2860 mus,
266 2777 320 2860 qui
348 2799 382 2840 se
410 2777 526 2842 cotidie
554 2777 677 2860 aliquid
704 2777 920 2841 addiscentem
944 2777 1023 2842 dicit
1045 2799 1155 2843 senem

148 2865 232 2948 fieri,
264 2868 296 2928 et
324 2886 385 2949 ego
412 2865 486 2948 feci,
519 2865 574 2947 qui
602 2866 728 2929 litteras
752 2864 892 2930 Graecas
921 2887 1017 2929 senex
1044 2865 1155 2948 didici3

150 2973 229 3034 quas
254 2952 383 3035 quidem
407 2953 452 3018 sic
475 2952 567 3017 avide
591 2953 712 3037 arripui
736 2953 828 3036 quasi
856 2952 1041 3017 diuturnam
1065 2954 1155 3018 sitim

149 3039 275 3121 explere
299 3040 443 3122 cupiens,
470 3044 507 3104 ut
530 3063 568 3104 ea
590 3041 662 3124 ipsa
686 3041 766 3105 mihi
787 3044 866 3105 nota
888 3045 1009 3124 essent,
1037 3042 1154 3125 quibus

148 3147 199 3188 me
212 3148 297 3189 nunc
313 3128 467 3211 exemplis
486 3128 536 3191 uti
553 3128 679 3192 videtis
715 3127 808 3204 Quod
826 3151 899 3192 cum
914 3128 1030 3194 fecisse
1044 3127 1156 3196 Socra·

148 3217 215 3276 tem
237 3213 271 3276 in
293 3213 410 3277 fidibus
439 3215 595 3298 audirem,
626 3217 742 3280 vellem
772 3216 919 3298 equidem
948 3216 1047 3280 etiam
1073 3217 1156 3282 illud

149 3299 331 3452 (qliqcebant
353 3301 438 3364 enim
461 3302 579 3367 fidibus
603 3302 758 3389 antiqui),
785 3303 841 3367 sed
868 3302 904 3367 in
925 3304 1045 3369 litteris
1068 3309 1156 3371 certe

147 3411 199 3453 ea
224 3410 321 3453 orav1.

67 3443 128 3629 ἐξ
212 3475 281 3542 Nec
308 3499 393 3542 nune
420 3477 548 3561 quidem
576 3477 661 3543 vires
689 3478 834 3544 desidero
863 3478 1078 3546 adulescentis
1112 3479 1156 3567 (is
