2476 3848
477 176 716 242 -aus-

89 339 151 402 hoc
183 340 358 424 significat:
391 361 484 425 egere
516 362 567 423 eo,
599 339 683 424 quod
715 340 833 404 habere
864 341 953 405 velis.
1003 339 1094 406 Inest

91 428 177 490 enirn
195 427 277 492 velle
300 429 334 492 in
358 428 509 510 carendo,
531 429 594 493 nisi
613 449 685 492 cum
704 428 750 492 sic
772 432 939 513 tamquam
956 429 991 492 in
1008 429 1092 495 febri

90 516 208 579 dicitur
230 516 295 580 alia
317 516 455 600 quadarn
476 516 607 582 notione
630 516 728 580 verbi.
770 514 897 580 Dicitur
919 517 1003 580 enim
1027 516 1092 582 alio

91 603 186 668 modo
214 604 310 668 etiam
338 625 459 686 carere,
487 625 558 668 cum
586 603 708 688 aliquid
733 624 799 668 non
825 602 947 669 habeas
972 607 1005 668 et
1026 626 1093 669 non

91 691 211 755 habere
229 695 262 755 te
281 692 415 774 sentias,
433 693 561 756 etiamsi
578 692 612 756 id
629 691 725 757 facile
744 691 876 774 patiare
912 691 966 756 Itu
984 713 1093 756 carere

89 779 124 841 in
147 783 250 843 morte
273 801 338 845 non
362 779 492 862 dicitur,
516 801 576 845 nee
599 781 788 844 animasset
809 779 993 862 dolendum,
1017 780 1092 844 dioi-

90 871 143 930 tur
161 867 254 931 illud:
277 869 362 932 bono
381 889 502 946 carere,
524 868 609 952 quod
628 871 678 932 est
695 867 825 931 malum.
864 865 926 931 Sed
943 889 984 931 ne
1001 867 1092 932 vivus

91 953 218 1038 quidem
251 956 335 1021 bono
369 960 470 1039 earet,
497 955 525 1019 si
553 976 590 1020 eo
618 977 683 1020 non
709 954 844 1040 indiget,
873 954 928 1019 sed
957 956 992 1019 in
1018 956 1092 1021 vivo

90 1042 235 1127 intellegi
257 1047 366 1107 tamen
384 1047 493 1126 potest
509 1063 609 1128 regno
629 1048 662 1107 te
680 1064 787 1107 carere
806 1040 885 1128 (dici
903 1046 1011 1108 autem
1031 1043 1094 1109 hoe

90 1132 125 1193 in
147 1135 179 1194 te
203 1131 283 1195 satis
307 1131 470 1195 subtiliter
490 1151 557 1195 non
578 1133 700 1213 potest,
723 1134 833 1213 posset
854 1131 888 1195 in
908 1130 1094 1215 Tarquinio,

91 1241 163 1282 eum
186 1239 286 1303 regno
310 1222 395 1283 esset
417 1216 595 1302 expulsus),
618 1222 653 1282 at
675 1217 710 1281 in
733 1222 923 1283 mortuone
946 1219 1094 1302 intellegi

92 1307 228 1388 quidem.
277 1304 393 1370 Carere
422 1307 507 1370 enim
535 1305 701 1369 sentientis
734 1309 794 1384 est,
826 1327 884 1370 nec
919 1329 1031 1371 sensus
1059 1307 1094 1370 in

91 1400 231 1474 mortno3
253 1416 294 1457 ne
317 1415 423 1458 carere
447 1393 575 1478 quidem
598 1393 698 1477 igitur
719 1393 754 1455 in
776 1397 901 1458 mortuo
924 1399 983 1459 est.
1104 1444 1120 1470 ἢ

158 1481 359 1565 Quamquam
396 1481 473 1565 quid
510 1503 589 1564 opus
622 1481 736 1544 estin
766 1479 828 1545 hoe
863 1480 1092 1564 philosophari,
1103 1470 1145 1570 ⁰89

91 1592 163 1632 cum
186 1591 254 1634 rem
271 1591 337 1634 non
355 1590 551 1654 magnopere
569 1567 776 1651 philosophia
793 1587 887 1652 egere
905 1569 1092 1634 videamus?

91 1657 245 1732 Quotiens
262 1679 327 1723 non
346 1657 442 1723 modo
461 1659 607 1721 ductores
625 1657 742 1738 nostri,
766 1655 820 1719 sed
837 1655 979 1720 universi
996 1658 1094 1721 etiam

91 1747 248 1809 exereitus
271 1745 313 1810 ad
335 1767 400 1810 non
423 1746 552 1810 dubiam
571 1748 708 1809 mortem
728 1746 968 1808 concurrerunt!
1005 1745 1093 1820 Quae

90 1835 217 1917 quidem
237 1835 265 1897 si
287 1834 468 1917 timeretur,
490 1856 555 1898 non
574 1831 608 1896 L.
628 1830 748 1896 Brutus
767 1853 877 1896 arcens
897 1853 969 1895 eum
990 1833 1094 1897 reditu

90 1928 275 2003 tyrannum,
298 1943 392 2005 quem
410 1922 481 2004 ipse
500 1921 676 2004 expulerat,
700 1921 734 1984 in
750 1919 873 2003 proelio
892 1920 1094 2003 concidisset,

89 2031 155 2072 non
173 2031 246 2073 oum
264 2008 387 2073 Latinis
407 2009 572 2074 decertans
592 2013 683 2092 pater
700 2005 831 2091 Derim,
856 2029 928 2073 cum
947 2007 1093 2073 Etruscis

90 2096 190 2177 filius,
213 2117 284 2159 cunr
303 2097 430 2178 Pyrrho
453 2119 554 2179 nepos
578 2119 611 2160 se
634 2097 776 2161 hostium
794 2097 869 2161 telis
893 2096 1094 2180 obiecissent,

90 2203 157 2245 non
179 2205 243 2246 uno
267 2184 352 2247 bello
375 2206 433 2266 pro
456 2185 562 2267 patria
584 2185 727 2248 cadentis
751 2183 916 2268 Scipiones
934 2181 1094 2267 Hispania

91 2269 238 2351 vidisset,
265 2269 400 2334 Paulum
429 2275 461 2334 et
484 2271 653 2335 Geminum
678 2269 819 2355 Cannae,
846 2271 989 2336 Venusia
1011 2272 1092 2336 Mar-

91 2356 216 2439 cellum,
235 2356 352 2420 Litana
370 2357 534 2440 Albinum,
551 2357 672 2422 Lucani
692 2358 878 2423 Gracchum.
916 2358 1093 2442 Numquis

91 2444 207 2508 horum
229 2444 327 2508 miser
350 2444 467 2508 hodie?
511 2445 560 2510 Ne
587 2449 658 2508 tum
687 2446 814 2528 quidem
842 2450 917 2528 post
944 2446 1093 2529 spiritum

92 2536 280 2617 extremum3
300 2554 359 2598 nec
378 2534 463 2597 enim
481 2536 589 2616 potest
607 2554 677 2596 esse
694 2534 791 2596 miser
812 2534 981 2615 quisquam
999 2554 1094 2596 sensu

91 2626 265 2705 perempto.
304 2622 350 2685 At
371 2621 402 2685 id
426 2622 533 2704 ipsum
556 2621 702 2685 odiosum
725 2626 788 2703 est,
812 2620 879 2684 sine
899 2641 995 2683 sensu
1014 2640 1092 2684 esse.
1112 2641 1145 2688 90

92 2710 260 2793 Odiosum,
287 2711 315 2773 si
343 2709 376 2774 id
404 2713 488 2773 esset
515 2729 630 2773 carere.
676 2705 757 2771 Cum
784 2729 860 2772 vero
889 2708 1093 2790 perspicuum

93 2798 135 2860 sit
153 2798 234 2860 nihil
252 2819 348 2880 posse
366 2799 401 2862 in
419 2819 456 2862 eo
475 2819 555 2874 esse,
574 2796 629 2879 qui
652 2796 720 2878 ipse
738 2818 803 2860 non
822 2797 872 2878 sit,
891 2794 967 2878 quid
985 2799 1094 2879 potest

92 2906 161 2947 esse
193 2886 227 2948 in
262 2906 299 2948 eo
338 2885 497 2967 odiosum,
533 2885 588 2967 qui
624 2906 683 2947 neo
720 2889 828 2948 careat
859 2905 918 2947 nec
951 2884 1092 2948 sentiat?

93 2971 294 3054 Quamquam
317 2973 378 3036 hoc
401 2972 528 3056 quidem
550 2972 648 3035 nimis
667 2993 774 3056 saepe,
798 2970 854 3035 sed
878 2993 929 3054 eo,
952 2972 1037 3055 quod
1060 2972 1094 3037 in

91 3059 153 3123 hoo
171 3059 255 3122 inest
273 3061 375 3124 omnis
395 3060 494 3124 animi
512 3060 688 3125 contractio
708 3081 747 3123 ex
764 3064 852 3123 metu
871 3061 993 3124 mortis.
1032 3060 1094 3137 Qui

93 3148 177 3210 enim
201 3147 280 3210 satis
303 3147 432 3231 viderit,
455 3148 487 3210 id
512 3147 595 3231 quod
615 3152 665 3212 est
685 3148 756 3212 luce
775 3147 907 3231 clariuS,
929 3150 1037 3212 animo
1062 3153 1094 3212 et

92 3255 225 3318 corpore
253 3239 442 3319 consumpto
470 3239 603 3320 totoque
631 3236 795 3300 animante
823 3236 928 3301 deleto
952 3241 985 3300 et
1006 3236 1093 3303 fact‘o

91 3323 226 3386 interitu
258 3323 406 3387 universo
438 3322 517 3386 illud
549 3324 681 3406 animal,
713 3323 798 3407 quod
829 3324 941 3407 fuerit,
972 3325 1024 3390 iac

93 3433 162 3474 esse
184 3411 280 3494 nihil,
306 3411 334 3474 is
361 3410 457 3493 plane
486 3411 659 3493 perspiciet
681 3412 766 3475 inter
788 3412 992 3495 Hippocenta

92 3500 145 3580 qui
173 3519 347 3582 numquam
373 3497 484 3582 fuerit,
512 3502 545 3562 et
570 3520 678 3584 regem
706 3500 982 3584 Agamemnonem
