2476 3848
535 176 776 240 -326-

101 362 136 412 45
155 344 183 409 si
206 365 257 409 res
280 343 471 428 postulabit,
494 348 527 408 et
546 341 710 408 adhibitae
728 345 889 427 pareatur.
925 341 1010 406 Nam
1031 343 1165 427 quibus-

154 433 241 515 dam,
270 453 351 515 quos
379 431 474 496 audio
503 431 665 516 sapientes
691 429 823 494 habitos
850 430 885 494 in
913 427 1061 510 Graecia,
1094 433 1165 517 pla·

154 520 258 584 cuisse
282 519 397 604 opinor
419 519 583 584 mirabilia
606 518 762 602 quaedam
785 518 855 600 (sed
877 517 959 581 nihil
983 522 1047 601 est,
1075 521 1166 603 quod
1230 537 1234 543 '

153 607 203 671 illi
225 629 291 671 non
314 611 549 692 persequantur
571 603 738 692 argutiis):
761 606 882 689 partim
899 605 1070 690 fugiendas
1090 629 1164 673 esse

152 695 270 759 nimias
294 694 463 778 amicitias,
486 716 526 759 ne
548 715 679 758 necesse
702 694 747 757 sit
768 715 867 757 unum
890 694 1066 759 sollicitum
1089 716 1164 761 esse

153 805 213 867 pro
237 782 397 868 pluribus;
425 783 505 848 satis
530 803 688 866 superque
712 802 781 845 esse
804 781 866 844 sibi
890 803 1022 846 suarum
1046 783 1164 867 cuique

153 892 275 953 rerum,
303 870 416 934 alienis
443 870 540 934 nimis
569 869 729 954 implicari
757 868 932 934 molestum
959 891 1043 954 esse,
1076 893 1164 936 com·

154 957 377 1039 modissimum
409 978 479 1022 esse
512 979 608 1041 quam
640 957 823 1021 laxissimas
859 957 1003 1022 habenas
1039 959 1163 1025 habere

154 1045 328 1126 amicitiae,
352 1066 432 1128 quas
455 1045 506 1110 vel
531 1046 682 1127 adducas,
706 1067 778 1109 cum
801 1044 895 1128 velis,
923 1045 974 1109 vel
997 1047 1163 1132 remittas3

154 1137 251 1218 caput
274 1132 359 1197 enim
383 1154 452 1197 csse
476 1134 516 1198 ad
540 1134 634 1197 beate
656 1132 827 1197 vivendum
851 1133 1072 1218 securitatem,
1097 1157 1163 1220 qua

153 1220 217 1284 frui
244 1242 310 1285 non
336 1221 442 1305 possit
470 1221 610 1303 animus,
637 1220 665 1284 si
693 1223 860 1304 tamquam
887 1221 1050 1305 parturiat
1077 1244 1162 1288 unus

100 1325 135 1375 46
153 1330 213 1393 pro
236 1309 393 1393 pluribus.
438 1308 532 1373 Alios
556 1313 663 1374 autem
687 1309 791 1374 dicere
814 1309 905 1374 aiunt
933 1309 1037 1374 multo
1061 1311 1162 1375 etiam

153 1396 359 1462 inhumanius
397 1393 506 1481 (quern
538 1397 644 1462 locum
675 1396 818 1462 breviter
853 1397 951 1481 paulo
985 1401 1059 1462 ante
1091 1421 1162 1483 per-

154 1482 284 1570 strinxi)
307 1486 460 1569 praesidii
483 1484 722 1568 adiumentique
746 1506 856 1567 causa,
883 1507 949 1549 non
975 1486 1161 1551 benivolen-

152 1572 218 1636 tiae
236 1594 340 1655 neque
363 1573 509 1639 caritatis
534 1573 693 1638 amicitias
717 1593 786 1636 esse
810 1574 1017 1658 expetendas3
1039 1574 1161 1658 itaque,

152 1660 348 1744 utquisque
375 1661 544 1725 minimum
571 1659 736 1725 firmitatis
763 1661 900 1725 haberet
926 1662 1160 1744 minimumque

153 1747 283 1830 virium,
314 1749 362 1812 ita
390 1749 549 1813 amicitias
578 1749 728 1831 adpetere
755 1748 908 1832 maxime,
941 1770 979 1813 ex
1008 1769 1045 1812 eo
1077 1749 1160 1826 fieri,

152 1839 190 1900 ut
212 1835 419 1901 mulierculae
442 1836 547 1920 magis
571 1835 786 1899 amicitiarum
813 1836 973 1922 praesidia
1000 1841 1160 1919 quaerant

153 1945 251 2007 quam
269 1924 331 1987 viri
350 1926 382 1986 et
400 1923 512 2006 inopes
531 1945 629 2006 quam
646 1923 792 2005 opulenti
810 1927 842 1987 et
861 1923 1043 1989 calamitosi
1061 1945 1160 2007 quam

100 2027 134 2075 47
153 2011 185 2092 ii,
200 2011 256 2093 qui
269 2013 424 2093 putentur
436 2010 533 2074 beati,
561 2009 587 2074 0
602 2011 801 2095 praeclaram
815 2011 1021 2095 sapientiam!
1050 2009 1160 2076 Solem

153 2097 238 2161 enim
262 2119 278 2160 e
302 2098 420 2161 mundo
443 2098 559 2162 tollere
582 2098 744 2175 videntur,
772 2098 828 2182 qui
850 2099 1027 2163 amicitiam
1050 2120 1067 2163 e
1091 2101 1161 2164 vita

153 2184 282 2266 tollunt,
306 2207 369 2267 qua
391 2185 473 2249 nihil
497 2208 516 2249 a
539 2185 587 2250 dis
611 2186 839 2250 inmortalibus
858 2186 973 2250 melius
992 2187 1160 2267 habemus

152 2272 235 2336 nihil
252 2273 430 2336 iucundius.
467 2271 554 2348 Quae
573 2277 623 2337 est
642 2275 727 2338 enim
744 2274 809 2338 ista
828 2275 1008 2340 securitas?
1046 2273 1159 2359 Specie

153 2360 282 2443 quidem
309 2361 442 2438 blanda,
475 2361 530 2425 sed
557 2383 671 2445 reapse
698 2361 811 2426 multis
839 2362 919 2427 locis
951 2362 1159 2446 repudianda.

152 2447 266 2532 Neque
293 2449 378 2512 enim
406 2452 455 2512 est
482 2453 731 2513 consentaneum
758 2449 860 2513 ullam
887 2449 1059 2514 honestam
1090 2472 1160 2515 rem

153 2536 366 2619 actionemve‚
393 2558 433 2600 ne
462 2536 621 2600 sollicitus
650 2537 708 2619 sis,
736 2540 792 2600 aut
819 2559 884 2601 non
912 2540 1073 2622 suscipere
1102 2541 1161 2602 aut

153 2628 336 2708 susceptam
364 2624 529 2708 deponere.
575 2622 697 2699 Quodsi
724 2646 835 2689 curam
863 2624 1021 2710 fugimus,
1052 2624 1160 2689 virtus

151 2713 305 2798 fugienda
332 2714 394 2793 est,
422 2732 504 2794 quae
530 2731 660 2775 necesse
688 2715 738 2775 est
765 2734 838 2777 cum
865 2712 975 2795 aliqua
1002 2734 1079 2777 cura
1106 2734 1159 2776 res

153 2802 215 2866 sibi
248 2799 427 2866 contrarias
460 2802 649 2883 aspernetur
681 2803 778 2883 atque
810 2800 928 2883 oderit,
959 2803 997 2864 ut
1027 2799 1160 2864 bonitas

153 2889 321 2969 malitiam,
344 2885 561 2971 temperantia
582 2887 773 2969 lubidinem,
795 2887 961 2973 ignaviam
983 2887 1161 2972 fortitudo,

152 2978 262 3059 itaque
284 2975 394 3039 rideas
417 2976 512 3039 rebus
535 2974 664 3039 iniustis
687 2975 790 3040 iustos
814 2976 952 3040 maxime
972 2975 1090 3059 dolere,
1112 2976 1160 3040 in·

152 3063 292 3128 bellibus
318 3062 436 3145 fortes,
464 3062 636 3147 flagitiosis
663 3063 836 3128 modestos.
881 3063 971 3150 Ergo
998 3064 1060 3129 hoc
1084 3086 1161 3147 pro·

152 3150 259 3234 prium
278 3153 327 3213 est
346 3151 445 3213 animi
464 3152 544 3215 bene
563 3151 742 3234 constituti,
763 3156 796 3215 et
814 3151 930 3218 laetari
949 3151 1042 3217 bonis
1061 3152 1161 3217 rebus

99 3254 133 3302 48
153 3243 186 3302 et
209 3237 317 3302 dolere
343 3238 522 3302 contrariis.
568 3237 671 3314 Quam
699 3238 740 3303 ob
769 3261 850 3324 rem,
878 3240 906 3305 si
934 3240 1020 3306 cadit
1047 3240 1082 3304 in
1110 3261 1161 3306 sa-

151 3326 293 3410 pientem
317 3325 416 3389 animi
439 3326 545 3404 dolor,
568 3327 623 3410 qui
646 3327 792 3411 profecto
816 3328 918 3411 cadit,
940 3328 1004 3392 nisi
1027 3349 1065 3391 ex
1089 3328 1160 3393 eius

151 3414 259 3479 animo
279 3413 473 3497 extirpatam
486 3415 723 3479 humanitatem
740 3415 946 3500 arbitramur,
965 3437 1046 3500 quae
1061 3437 1162 3482 causa

59 3384 208 3633 ἢθη)
228 3525 284 3568 eur
303 3501 480 3568 amicitiam
497 3501 643 3567 funditus
661 3503 817 3569 tollamus
837 3505 949 3590 evita,
971 3525 1011 3568 ne
1031 3503 1161 3589 aliquas
