2476 3848
487 163 726 229 -391-

97 329 243 390 coereeat
274 326 498 391 temeritatem
551 325 614 390 Est
645 327 680 390 in
711 326 827 390 animis
860 325 1004 391 omnium
1034 325 1100 390 fere

98 418 215 477 natura
237 413 334 477 molle
357 413 521 498 quiddam,
544 413 733 496 demissum,
754 413 890 497 humile,
915 417 1100 478 enervatum

97 501 238 583 quodam
265 500 360 566 modo
396 504 428 566 et
460 501 655 585 languidum
709 499 744 567 Si
774 501 974 567 1111111111
1006 501 1100 586 aliud,

97 589 179 652 nihil
203 594 287 653 11111
308 587 437 653 homine
460 588 649 674 deformius,
672 589 728 654 sed
750 593 879 674 praesto
898 593 947 654 est
969 589 1100 655 domina

97 677 241 741 omnium
270 679 303 741 et
328 676 440 762 regina
467 677 564 762 ratio,
591 699 673 762 quae
695 677 809 743 conixa
835 696 893 761 per
915 700 950 743 11
973 681 1099 761 etpro-

96 785 209 848 gressa
235 765 363 850 longius
390 765 428 829 fit
457 765 598 849 perfecta
624 766 736 831 virtus.
784 766 873 831 Haec
900 769 937 830 ut
964 767 1101 849 imperet

96 852 146 916 illi
169 854 255 936 parti
274 852 388 936 animi,
411 874 492 936 quae
511 853 661 919 oboedire
680 853 787 932 debet,
808 854 844 919 id
861 853 1032 919 ridendum
1050 858 1099 918 est

97 941 175 1007 viro.
230 940 394 1017 ‘Quonam
425 939 559 1006 modo?'
591 942 725 1026 inquies,
780 941 843 1007 Vel
878 945 915 1006 ut
949 942 1152 1007 (1011111148

96 1050 189 1093 servo
213 1030 264 1092 vel
286 1032 322 1092 ut
344 1027 521 1111 imperator
548 1029 648 1094 militi
670 1031 721 1094 vel
743 1034 780 1095 ut
807 1052 921 1115 parens
943 1030 1020 1095 filio.
1064 1026 1098 1094 Si

96 1117 281 1200 turpissime
308 1137 346 1181 11
369 1116 428 1180 illa
455 1139 530 1200 pars
558 1118 659 1182 animi
687 1123 788 1202 geret,
815 1140 911 1202 quam
937 1118 1002 1194 dixi
1029 1139 1099 1183 esse

96 1204 240 1288 mollem,
263 1205 291 1269 si
314 1213 348 1268 se
371 1204 522 1269 lamentis
543 1206 744 1269 muliebriter
772 1207 975 1290 lacrimisque
996 1205 1099 1289 dedet,

96 1293 256 1357 uinciatur
279 1295 312 1356 et
330 1292 570 1378 constringatur
589 1293 764 1359 amicorum
784 1294 1098 1379 propinquorumque

94 1381 262 1465 custodiis;
295 1401 389 1463 saepe
425 1381 510 1445 enim
546 1379 689 1445 videmus
720 1380 839 1446 fractos
874 1380 1008 1464 pudore,
1044 1382 1099 1464 qui

95 1469 222 1533 ratione
249 1468 339 1532 nulla
365 1467 575 1532 vincerentur.
625 1467 713 1552 Ergo
745 1469 805 1533 hos
832 1468 960 1552 quidem
986 1471 1023 1532 ut
1050 1468 1099 1532 fa·

95 1557 200 1622 mulos
224 1556 338 1620 vinclis
362 1577 463 1640 prope
487 1559 582 1640 atque
605 1557 764 1639 custodia,
791 1555 846 1640 qui
872 1558 980 1620 autem
1005 1559 1099 1620 erunt

95 1645 253 1709 firmiores
275 1665 335 1708 nec
357 1647 466 1709 tamen
488 1643 718 1727 robustissimi,
739 1643 799 1708 hos
818 1642 983 1707 admonitu
1004 1665 1098 1727 opor-

93 1733 177 1797 tebit
208 1736 246 1797 ut
283 1733 385 1797 bonos
421 1731 541 1796 milites
573 1735 739 1797 revocatos
779 1731 971 1816 dignitatem
1006 1732 1099 1796 tueri.

37 1834 39 1837 “
93 1820 169 1886 Non
200 1820 296 1885 nimis
328 1821 363 1885 in
397 1818 524 1904 Niptris
560 1819 617 1884 1111
655 1820 911 1904 sapientissimus
945 1817 1098 1884 Graeciae

93 1911 221 1975 saucius
245 1910 441 1974 lamentatur
464 1908 515 1972 vel
537 1908 661 1974 modice
682 1909 804 1991 potius:

159 2031 459 2115 Pedetdmptim,
480 2031 598 2114 inquit,
621 2033 658 2095 11
680 2031 811 2096 sedare
834 2031 934 2117 nisu,

159 2117 421 2267 gelsuccussu
445 2119 610 2201 arripiait
632 2120 754 2183 maior

195 2227 213 2269 o
237 2225 286 2268 or.
315 2234 318 2242 ’

92 2326 251 2391 Pacuvius
289 2325 352 2391 hoc
388 2326 502 2391 melius
536 2330 631 2411 quam
663 2326 839 2413 Sophocles
870 2327 969 2416 (apud
1004 2332 1152 2395 11111141

92 2415 180 2479 enim
198 2434 354 2498 perquam
372 2413 524 2478 flebiliter
541 2413 651 2480 Ulixes
670 2415 866 2482 lamentatur
885 2417 921 2481 11
939 2416 1097 2503 volnere),

92 2508 202 2568 tamen
219 2501 296 2566 huic
313 2501 429 2566 leviter
443 2503 584 2586 gementi
596 2502 646 2567 illi
665 2503 738 2587 ipsi,
756 2503 812 2589 qui
825 2503 932 2568 ferunt
946 2504 1098 2587 saucium,

93 2611 248 2677 personae
272 2590 467 2676 gravitatem
489 2589 650 2655 intuentes
673 2611 738 2655 non
764 2590 914 2655 dubitant
936 2590 1053 2655 dicere:

158 2716 211 2779 Tu
234 2716 396 2798 quoque,
419 2712 571 2797 Ulixes,
593 2714 817 2797 quamquam
840 2714 1014 2798 graviter

159 2801 358 2867 Cernimus
381 2802 510 2884 ictum,
532 2801 646 2866 nimis
668 2803 786 2884 paene
809 2800 934 2865 animo
958 2822 997 2866 11

158 2889 281 2972 Molli,
305 2890 368 2974 qui
391 2892 596 2954 consuetus
618 2889 657 2954 in
680 2888 795 2953 armis

158 2975 300 3042 Aevom
324 2979 438 3061 agere
453 3024 593 3043 .......

89 3099 256 3185 Intellegit
273 3103 368 3183 poeta
385 3098 524 3182 prudens
542 3098 666 3164 ferendi
691 3098 813 3165 doloris

89 3209 250 3279 essenon
277 3187 542 3252 contemnendam
570 3186 768 3273 magistram.
813 3186 870 3253 A·

89 3276 288 3341 inmoderate
312 3295 428 3359 magno
451 3275 486 3340 11
509 3276 630 3341 dolore:

156 3399 347 3479 1111111111,
369 3398 512 3462 1111111
538 3395 723 3482 opprimit
744 3399 831 3467 ulcu
854 3360 860 3379 ἶ

156 3485 319 3552 Nudate!
341 3485 414 3550 heu
436 3485 616 3552 miserum
637 3507 729 3555 111.
801 3489 805 3499 “
