2476 3848
482 170 725 235 -557-

90 329 187 413 filiae,
205 325 371 394 Conlatini
388 323 491 414 uxori,
510 329 577 394 vim
596 329 764 394 attulisset
783 328 964 415 mulierque
987 330 1112 414 pudens

90 421 125 482 et
150 416 269 482 nobilis
299 417 341 482 ob
373 417 465 482 illam
496 418 648 482 iniuriam
683 439 755 483 sese
788 419 861 503 ipsa
893 423 1001 483 morte
1029 419 1112 484 mul-

92 506 240 588 tarisset,
262 509 334 570 tum
356 506 407 571 vir
429 506 560 590 ingenio
583 511 617 571 et
635 507 756 572 virtute
774 510 955 592 praestans,
977 506 1013 572 L.
1032 506 1113 571 Bru·

91 598 157 679 tus,
183 594 308 679 depulit
329 616 350 659 a
372 595 496 660 civibus
525 595 592 660 suia
621 595 782 662 iniustum
809 596 891 660 illud
922 596 1020 660 durae
1044 616 1111 660 ser·

91 681 206 748 vitatis
233 682 356 768 iugum.
402 682 465 758 Qui
493 705 567 749 eum
593 684 743 768 privatus
777 687 876 767 esset,
909 687 1014 751 totam
1042 706 1113 749 rem

91 770 256 855 publicam
288 771 445 836 sustinuit
472 773 661 857 primusque
690 773 724 838 in
751 773 813 838 hae
840 773 974 839 civitate
1002 773 1113 838 docuit

91 859 127 923 in
153 860 375 925 conservanda
403 860 522 925 civium
543 862 697 926 libertate
726 884 797 928 esse
821 863 986 947 privatum
1013 861 1113 926 nemi·

94 954 178 1012 nem.
224 947 295 1024 Quo
328 952 461 1013 auctore
494 954 527 1014 et
559 951 705 1035 principe
738 951 901 1017 concitata
933 951 1048 1016 civitas
1079 954 1113 1015 et

93 1035 155 1100 baa
195 1037 317 1101 recenti
359 1038 505 1121 querella
546 1037 714 1104 Lucretiae
751 1040 856 1125 patris
903 1061 940 1105 ae
980 1039 1115 1124 propin·

97 1145 234 1207 quorum
267 1128 300 1189 et
331 1127 556 1192 recordatione
590 1128 761 1210 superbiae
795 1128 966 1214 Tarquinii
1002 1129 1117 1193 multa-

94 1233 231 1297 rumque
263 1213 455 1278 iniuriarum
488 1219 521 1279 et
551 1215 654 1299 ipsius
689 1220 722 1279 et
753 1217 895 1281 filiorum
928 1218 1054 1281 exulem
1083 1221 1116 1281 et

95 1321 206 1386 regem
229 1302 336 1386 ipsum
361 1307 394 1367 et
416 1304 535 1368 liberos
559 1303 628 1367 eius
653 1308 685 1367 et
708 1308 839 1388 gentem
863 1305 1114 1390 Tarquiniorum

93 1409 164 1454 esse
186 1390 290 1456 iussit.

158 1476 329 1544 Videtisne
342 1479 453 1564 igitur,
469 1483 508 1543 ut
526 1479 565 1543 de
579 1499 655 1563 rege
671 1479 820 1544 dominus
839 1480 985 1544 extiterit
1003 1479 1111 1543 unius-
1124 1449 1166 1513 26

94 1587 154 1650 que
177 1566 257 1632 vitio
281 1588 384 1653 genus
412 1569 459 1632 rei
486 1567 635 1653 publicae
659 1589 697 1631 ex
723 1567 810 1632 bono
833 1567 868 1631 in
892 1569 1112 1632 deterrumum
1130 1553 1165 1600 4⁷

92 1674 285 1720 conversum
309 1657 374 1721 sit?
421 1655 483 1720 Hie
507 1661 557 1719 est
580 1655 665 1719 enim
689 1655 839 1720 dominus
862 1656 992 1740 populi,
1015 1677 1111 1739 quem

94 1740 209 1808 Graeei
248 1748 427 1828 tyrannum
473 1747 609 1828 vocant3
651 1765 727 1809 nam
768 1764 879 1827 regem
921 1743 1015 1807 illum
1057 1764 1112 1807 vo-

94 1831 166 1895 lunt
194 1853 277 1912 esse,
305 1834 361 1918 qui
388 1832 530 1898 consulit
557 1835 595 1896 ut
624 1853 741 1916 parens
771 1832 894 1915 populo
923 1834 1109 1896 conservat-

93 1941 154 2000 que
177 1942 245 2005 eos,
268 1922 384 2005 quibus
404 1925 454 1986 est
472 1920 688 2005 praepositus,
713 1942 811 2004 quam
830 1919 955 2004 optima
977 1920 1013 1983 in
1035 1940 1112 1983 eon-

95 2008 218 2074 dioione
250 2010 392 2090 vivendi,
426 2033 502 2075 sane
534 2010 674 2094 bonum,
706 2013 744 2073 ut
771 2009 850 2088 dixi,
883 2009 931 2073 rei
962 2007 1111 2093 publicae

93 2116 205 2181 genus,
228 2099 284 2162 sed
306 2103 417 2162 tamen
439 2098 632 2163 inclinatum
652 2103 685 2163 et
703 2098 797 2182 quasi
814 2119 956 2181 pronum
980 2096 1020 2162 ad
1043 2118 1112 2181 per-

93 2184 345 2251 niciosissimum
374 2189 506 2250 statum.
552 2185 656 2251 Simul
684 2191 783 2270 atque
812 2187 897 2252 enim
926 2208 960 2252 se
988 2186 1113 2251 inflexit
1131 2201 1165 2251 48

93 2273 147 2338 hie
169 2297 226 2339 rex
249 2273 502 2338 indominatum
525 2272 740 2355 iniustiorem,
763 2275 802 2338 fit
825 2276 979 2340 continuo
1003 2278 1112 2358 tyran-

95 2384 165 2446 nus,
189 2384 252 2446 quo
275 2384 380 2446 neque
403 2361 540 2425 taetrius
563 2381 667 2443 neque
694 2360 820 2425 foedius
848 2383 908 2425 nee
935 2361 984 2423 dis
1008 2361 1112 2424 homi-

96 2450 256 2535 nibusque
284 2449 419 2515 invisius
453 2448 574 2513 animal
606 2448 708 2512 ullum
739 2447 876 2531 cogitari
902 2450 1023 2529 potest3
1057 2447 1111 2530 qui

95 2561 291 2622 quamquam
313 2540 419 2622 figura
442 2540 491 2602 est
513 2536 670 2619 hominis,
693 2556 818 2599 morum
841 2537 951 2598 tamen
974 2533 1111 2598 inmani-

94 2630 162 2691 tate
190 2627 393 2693 vastissimas
420 2626 521 2690 vineit
550 2626 673 2690 beluas.
719 2622 798 2698 Quis
827 2621 913 2686 enim
941 2620 1025 2685 hune
1054 2622 1110 2686 ho·

96 2715 216 2779 minem
247 2716 311 2779 rite
343 2715 471 2795 dixerit,
504 2714 560 2797 qui
593 2713 654 2778 sibi
687 2733 759 2776 eum
792 2709 859 2776 suis
889 2708 1026 2792 civibus,
1056 2710 1110 2793 qui

96 2803 234 2885 denique
253 2825 327 2868 eum
350 2802 439 2867 omni
456 2802 624 2866 hominum
649 2820 765 2885 genere
783 2799 908 2863 nullam
927 2796 1006 2861 iuris
1025 2817 1110 2862 eom·

94 2890 292 2972 munionem,
314 2890 439 2954 nullam
461 2889 676 2954 humanitatis
701 2887 889 2952 societatem
908 2884 1009 2949 velit?
1048 2882 1109 2950 Sed
1200 2891 1205 2903 '

95 2975 157 3038 erit
182 2976 245 3041 hoe
274 2977 313 3041 de
341 2997 458 3061 genere
486 2977 580 3041 nobis
614 2976 695 3041 alius
724 2976 829 3058 aptior
857 2971 982 3038 dieendi
1008 2971 1109 3055 loeus,

95 3084 168 3128 oum
200 3086 252 3129 res
282 3065 354 3148 ipsa
387 3064 604 3147 admonuerit,
640 3067 677 3127 ut
713 3063 747 3126 in
780 3083 835 3126 eos
868 3060 1021 3144 dieamus,
1055 3061 1109 3145 qui

95 3151 193 3216 etiam
215 3152 355 3217 liberata
377 3153 443 3217 iam
464 3151 594 3216 civitate
619 3148 857 3216 dominationes
877 3149 1109 3233 adpetiverunt.

1120 3274 1161 3336 aa

162 3329 279 3395 Tenuit
302 3330 402 3415 igitur
424 3328 486 3393 hoe
509 3327 541 3391 in
571 3329 658 3391 statu
687 3329 820 3391 senatus
848 3347 916 3392 rem
943 3315 1161 3425 publicum'bu

94 3418 295 3502 temporibus
316 3419 393 3501 illis,
415 3420 452 3482 ut
475 3416 509 3480 in
531 3415 651 3500 populo
675 3413 778 3481 libero
802 3436 905 3498 pausa
927 3434 985 3498 per
1007 3434 1108 3497 popu·

95 3505 173 3594 lum,
195 3509 349 3592 pleraque
368 3508 499 3572 senatus
519 3502 711 3570 auctoritate
735 3506 768 3568 et
790 3501 943 3568 instituto
963 3522 1001 3567 ae
1019 3522 1108 3566 moro
