2476 3848
395 170 722 271 :483-

186 327 302 406 Θνητὸν
325 326 413 408 ἐόντ’,
443 330 506 392 ἐπεὶ
528 328 595 393 οὔτε
618 334 734 411 βροτοῖς
756 329 842 412 γέρας
865 330 936 395 ἄλλο
960 356 987 394 τι
1010 320 1110 414 μεῖζον

187 414 261 478 Οὔτε
284 424 367 492 θεοῖς
390 415 410 498 ἢ
432 420 536 482 κοινὸν
559 419 605 481 ἀεὶ
620 418 723 499 ’νόμον
745 418 778 481 ἓν
802 420 870 506 δίκῃ
893 419 1007 500 ὑμνεῖν.

1120 542 1164 606 30

160 589 242 655 Dico
265 591 367 676 igitur
388 593 594 676 providentia
617 593 749 658 deorum
768 593 925 658 mundum
945 598 978 659 et
996 617 1108 660 omnes
1130 645 1163 694 75

94 679 206 742 mundi
229 683 339 762 partes
364 683 397 744 et
419 681 514 746 initio
539 682 734 747 constitutas
758 703 830 745 esse
855 686 888 746 et
915 683 1003 747 omni
1027 687 1108 749 tem-

92 788 171 850 pore
190 766 422 852 administrari3
442 792 576 855 eamque
591 770 844 854 disputationem
865 772 925 835 tris
945 772 981 835 in
998 776 1109 855 partes

92 855 198 919 nostri
230 855 297 920 fere
329 857 488 943 dividunt,
521 880 658 943 quarum
685 858 791 942 prima
822 881 899 943 pars
932 863 994 939 est,
1027 882 1109 944 quae

93 943 221 1007 ducitur
244 945 285 1008 ab
310 947 505 1026 curatione,
529 969 610 1031 quac
629 947 723 1012 docet
742 968 812 1011 esse
837 947 928 1032 deos3
952 970 1015 1032 quo
1035 969 1109 1013 con·

93 1053 183 1096 cesso
203 1033 421 1098 confitendum
441 1041 490 1099 est
513 1057 624 1100 eorum
644 1036 779 1100 consilio
797 1037 954 1100 mundum
974 1037 1109 1100 admini-

95 1121 200 1184 strari.
247 1119 393 1186 Secunda
425 1127 475 1187 est
500 1122 632 1207 autem,
669 1145 751 1206 quae
785 1124 878 1190 docet
910 1146 1024 1189 omnes
1057 1146 1108 1189 res

93 1207 254 1273 subiectas
292 1231 363 1274 esse
399 1214 537 1276 naturae
575 1212 745 1295 sentienti,
783 1213 824 1277 ab
863 1235 962 1296 eaque
1000 1214 1109 1278 omnia

92 1297 317 1379 pulcherrume
340 1299 423 1383 geri3
448 1321 511 1383 quo
525 1300 715 1364 constituto
735 1299 880 1382 sequitur
905 1300 946 1364 ab
966 1302 1110 1365 animan-

92 1384 181 1448 tibus
209 1387 377 1470 principiis
406 1408 444 1451 ea
471 1408 542 1452 esse
570 1390 733 1472 generata.
780 1387 909 1450 Tertius
934 1391 983 1451 est
1009 1389 1109 1472 locus,

93 1473 148 1556 qui
176 1473 302 1539 ducitur
330 1497 368 1538 ex
401 1476 616 1540 admiratione
651 1496 759 1539 rerum
790 1475 979 1539 caelestium
1011 1480 1108 1559 atque

91 1564 304 1627 terrestrium.

158 1648 304 1714 Primum
327 1651 428 1737 igitur
451 1656 508 1716 aut
529 1651 714 1736 negandum
737 1653 787 1714 est
810 1671 879 1714 esse
903 1650 996 1734 deos,
1019 1651 1105 1734 quod
1124 1667 1157 1717 76

93 1742 125 1802 et
147 1738 353 1804 Democritus
382 1740 555 1805 simulacra
578 1744 610 1804 et
637 1739 799 1823 Epicurus
829 1738 988 1823 imagines
1015 1739 1106 1803 indu-

92 1848 168 1891 cens
189 1828 327 1910 quodam
341 1833 436 1911 pacto
455 1833 565 1912 negat,
584 1833 650 1912 aut,
669 1829 724 1912 qui
739 1828 816 1891 deos
832 1849 901 1891 esse
921 1827 1108 1911 concedant,

92 1915 133 1978 iis
156 1915 323 1980 fatendum
346 1921 397 1981 est
420 1939 474 1982 eos
494 1917 618 2001 aliquid
641 1938 748 2001 agere,
770 1916 867 2001 idque
889 1916 1108 2002 praeclarum3

91 2002 174 2067 nihil
206 2009 256 2068 est
287 2008 397 2070 autern
428 2006 625 2090 praeclarius
662 2005 775 2069 mundi
811 2004 1104 2088 administration03

92 2091 225 2156 deorum
248 2093 351 2178 igitur
378 2095 512 2159 consilio
541 2093 795 2158 administratur.
842 2091 934 2168 Quod
958 2093 986 2156 si
1010 2092 1105 2156 aliter

92 2182 150 2261 est,
174 2180 297 2263 aliquid
320 2182 466 2264 profecto
491 2182 534 2246 sit
561 2203 691 2246 necesse
715 2187 766 2246 est
788 2180 903 2246 melius
927 2184 961 2245 et
981 2181 1105 2245 maiore

91 2267 123 2330 vi
146 2268 328 2350 praeditum
357 2291 454 2353 quam
483 2270 573 2353 deus,
606 2271 699 2354 quale
722 2269 755 2333 id
784 2291 921 2352 cumque
945 2273 1008 2353 est,
1036 2269 1103 2334 sive

90 2355 235 2419 inanima
257 2362 375 2423 natura
399 2358 466 2423 sive
485 2358 660 2423 necessitas
679 2357 713 2422 vi
730 2379 850 2439 magna
868 2357 1004 2421 incitata
1022 2357 1103 2422 haec

90 2444 307 2527 pulcherrima
335 2467 434 2528 opera
462 2447 618 2528 efficiam,
648 2466 729 2530 quae
752 2445 908 2508 videmus.
954 2443 1029 2508 Non
1053 2447 1103 2508 est
1122 2463 1155 2513 77

90 2531 191 2615 igitur
213 2538 331 2597 natura
359 2533 492 2599 deorum
519 2539 712 2618 praepotens
740 2554 843 2616 neque
867 2532 1040 2616 excellens,
1063 2533 1104 2596 si·

92 2621 221 2703 quidem
245 2643 282 2686 ea
306 2622 451 2688 subiecta
474 2628 524 2687 est
547 2625 577 2687 ei
599 2623 651 2687 vel
674 2620 861 2686 necessitati
884 2620 936 2684 vel
958 2624 1103 2705 naturae,

92 2730 154 2791 qua
178 2711 315 2792 caelum,
338 2713 455 2795 maria,
483 2715 591 2775 terrae
613 2714 781 2794 negantum
809 2708 894 2772 nihil
922 2712 972 2772 est
994 2712 1102 2772 autem

90 2800 311 2880 praestantius
339 2799 411 2884 deo;
444 2800 485 2864 ab
514 2821 551 2863 eo
579 2799 681 2883 igitur
710 2796 865 2861 mundum
894 2817 1025 2860 necesse
1054 2799 1103 2860 est

90 2886 168 2969 regi.
213 2885 305 2950 Nulli
327 2887 429 2970 igitur
447 2891 497 2951 est
514 2892 652 2953 naturae
671 2884 843 2951 oboediens
862 2887 920 2949 aut
938 2883 1102 2948 subiectus

92 2972 183 3055 deus,
215 2995 344 3038 omnem
377 2997 453 3060 ergo
487 2976 572 3059 regit
602 2975 673 3059 ipse
704 2977 865 3038 naturam.
910 2971 1040 3036 Etenim
1073 2973 1102 3035 si

91 3062 296 3129 concedimus
319 3062 545 3146 intellegentes
569 3085 639 3127 esse
662 3062 749 3145 deos,
773 3060 978 3128 concedimus
1002 3060 1101 3125 etiam

89 3150 305 3233 providentes,
320 3156 353 3215 et
366 3174 473 3216 rerum
488 3151 617 3235 quidem
631 3172 863 3214 maxumarum.
888 3148 978 3233 Ergo
993 3154 1100 3212 utrum

90 3239 256 3324 ignorant,
284 3260 367 3323 quae
394 3262 446 3304 res
470 3261 639 3303 maxumae
668 3239 746 3318 sint,
774 3259 900 3322 quoque
925 3258 980 3301 eae
1003 3236 1099 3301 modo

89 3328 277 3392 tractandae
301 3333 333 3391 et
355 3329 503 3410 tuendae,
527 3350 569 3392 an
587 3327 654 3398 vim
672 3349 739 3391 non
755 3325 888 3408 habent,
908 3346 972 3407 qua
990 3328 1099 3389 tantas

89 3438 141 3480 res
161 3417 342 3481 sustineant
359 3419 392 3480 et
410 3417 547 3500 gerant?
571 3414 617 3480 At
636 3419 668 3479 et
686 3415 847 3499 ignoratio
866 3432 975 3477 rerum
995 3413 1100 3476 aliena

89 3508 224 3570 naturae
256 3505 389 3570 deorum
421 3509 483 3589 est,
516 3509 549 3569 et
581 3502 761 3568 sustinendi
789 3502 932 3566 muneris
965 3504 1100 3584 propter

886 3602 939 3656 tl*
