2476 3848
368 219 707 284 ·-275-

89 379 243 445 admirari
260 379 422 445 videmini.
454 379 578 455 Quibus
598 379 683 444 enim
701 379 784 443 nihil
803 383 852 444 est
869 379 905 443 in
921 379 1002 465 ipsis
1022 380 1093 465 opis

89 467 131 533 ad
152 467 233 531 bene
256 467 414 551 beateque
440 467 627 551 vivendum,
659 467 704 531 eis
733 467 837 532 omnis
865 471 954 532 aetas
983 468 1093 554 gravis

89 559 152 637 est,
176 556 231 638 qui
255 559 364 619 autem
387 555 496 619 omnia
518 555 605 620 bona
628 577 648 619 a
670 576 705 619 se
726 555 791 639 ipsi
810 559 935 640 petunt,
952 555 992 619 iis
1010 556 1094 619 nihil

89 643 212 706 malum
234 645 344 727 potest
366 642 477 726 videri,
501 642 587 726 quod
608 646 744 707 naturae
764 643 940 708 necessitas
959 642 1093 708 adferat.

90 729 159 805 Quo
183 731 218 794 in
240 751 357 814 genere
380 734 430 795 est
452 729 623 815 inprimis
647 734 812 814 senectus3
844 753 942 814 quam
969 735 1006 795 ut
1029 731 1094 796 adi-

90 819 257 902 piscantur
294 839 405 882 omnes
443 821 572 902 optant,
613 818 747 882 eandem
784 823 936 884 accusant
972 819 1094 903 adepti3

90 909 184 970 tanta
220 908 270 969 est
306 905 466 969 stultitiae
502 906 722 970 inconstantia
757 910 854 990 atque
888 907 1093 991 perversitas.

91 993 254 1077 Obrepere
280 993 371 1056 aiunt
394 1015 464 1057 eam
489 993 594 1075 citius
613 1015 710 1077 quam
728 998 907 1078 putassent.
949 993 1095 1059 Primum

92 1081 164 1165 quis
188 1080 295 1165 coegit
318 1101 373 1145 eos
396 1080 515 1145 falsum
537 1081 677 1166 putare?
709 1081 769 1164 qui
796 1082 881 1145 enim
905 1081 999 1146 citius
1022 1083 1096 1146 adu-

92 1168 264 1232 lescentiae
279 1171 426 1232 senectus
436 1191 533 1252 quam
547 1168 706 1253 pueritiae
717 1168 935 1234 adulescentia
946 1170 1096 1255 obrepit?

90 1255 215 1320 Deinde
239 1255 295 1339 qui
316 1256 422 1321 minus
447 1256 556 1341 gravis
580 1259 665 1320 esset
688 1256 728 1319 iis
757 1260 918 1340 senectus,
946 1257 974 1320 si
997 1258 1097 1322 octin-

93 1343 308 1429 gentesimum
339 1365 459 1408 annum
491 1347 626 1430 agerent
660 1365 757 1426 quam
789 1344 818 1406 si
841 1344 1096 1429 octogesimum?

92 1431 270 1515 praeterita
294 1431 379 1494 enim
403 1434 493 1496 aetas
522 1430 669 1514 quamvis
693 1430 793 1514 longa
820 1453 891 1494 cum
911 1431 1097 1515 effluxisset,

91 1519 183 1583 nulla
197 1518 375 1583 consolatio
395 1520 593 1604 permulcere
611 1521 723 1602 posset
741 1518 877 1581 stultam
890 1521 1095 1583 senectutem.

93 1605 249 1681 Quocirca
272 1606 300 1670 si
323 1606 516 1691 sapientiam
543 1627 649 1670 meam
677 1605 831 1669 admirari
858 1605 970 1670 soletis
1000 1604 1131 1689 (quaec

91 1694 217 1758 utinam
245 1693 344 1778 digna
367 1697 452 1758 esset
475 1693 626 1778 opinione
648 1696 758 1758 vestra
780 1696 955 1776 nostroque
979 1715 1096 1779 cogno·

93 1782 177 1846 mine
183 1778 215 1867 l),
229 1781 263 1845 in
276 1782 339 1846 hoo
358 1803 466 1845 sumus
481 1781 652 1866 sapientes,
665 1780 751 1864 quod
763 1784 915 1845 naturam
928 1785 1096 1865 optumam

92 1870 204 1934 ducem
223 1873 391 1952 tamquam
410 1869 504 1933 deum
523 1869 687 1953 sequimur
706 1869 797 1951 eique
811 1890 975 1952 paremus3
999 1892 1097 1953 aqua

92 1980 157 2021 non
178 1957 246 2022 veri
270 1957 376 2021 simile
399 1960 462 2040 est,
494 1978 567 2021 cum
594 1960 718 2021 ceterae
740 1960 851 2041 partes
875 1957 991 2021 aetatis
1014 1957 1097 2021 bene

94 2044 267 2129 discriptae
290 2045 370 2127 sint,
399 2047 577 2109 extremum
604 2047 712 2109 aetum
740 2047 908 2127 tamquam
931 2045 972 2109 ab
999 2045 1097 2109 inerti

92 2135 190 2214 poeta
213 2153 282 2197 esse
308 2133 501 2217 neglectum.
547 2128 609 2196 sed
640 2135 750 2196 tamen
780 2154 910 2197 necesse
936 2132 1000 2197 fuit
1027 2154 1097 2197 esse

94 2219 217 2300 aliquid
240 2223 418 2284 extremum
441 2223 474 2284 et
496 2223 663 2302 tamquam
685 2220 721 2282 in
743 2220 896 2284 arborum
919 2221 1009 2285 bacis
1034 2225 1097 2284 ter·

93 2328 211 2388 raeque
234 2305 393 2372 fructibus
416 2307 605 2371 maturitate
633 2307 828 2390 tempestiva
855 2308 948 2391 quasi
975 2308 1096 2373 vietum

94 2398 127 2458 et
145 2395 308 2477 caducum,
327 2394 412 2478 quod
425 2394 594 2459 ferundum
609 2397 659 2457 est
672 2394 816 2458 molliter
836 2395 983 2479 sapienti.
1014 2394 1096 2470 Quid

94 2485 144 2546 est
168 2482 253 2546 enim
277 2482 365 2546 aliud
388 2481 565 2568 Gigantum
588 2481 684 2545 modo
707 2481 830 2545 bellare
858 2503 930 2545 cum
958 2481 1007 2543 dis
1033 2482 1098 2545 nisi

92 2574 227 2635 naturae
250 2570 458 2655 repugnare?

158 2659 302 2723 Lanatus.
339 2657 449 2741 Atqui,
468 2655 559 2740 Cato,
578 2655 799 2740 gratissimum
819 2654 923 2738 nobis,
943 2657 980 2718 ut
998 2654 1131 2723 etiams

92 2768 151 2828 pro
176 2743 324 2828 Scipione
347 2745 511 2828 pollicear,
533 2743 657 2827 feceris,
680 2744 721 2826 si,
745 2742 897 2826 quoniam
920 2763 1097 2825 speramus,

93 2832 242 2896 volumus
271 2831 400 2915 quidem
427 2836 513 2896 certe
540 2853 632 2895 senes
659 2831 742 2911 fieri,
774 2831 878 2893 multo
911 2832 985 2892 ante
1018 2850 1037 2893 a
1063 2832 1096 2893 te

95 2919 307 3002 didicerimuS,
321 2920 437 3003 quibus
451 2919 606 2983 facillime
620 2917 800 2981 rationibus
819 2917 1096 3001 ingravescentem

94 3010 235 3070 aetatem
257 3006 341 3070 ferre
365 3007 534 3090 possimus.
987 3014 990 3019 '

160 3093 247 3160 Orno.
286 3093 418 3159 Faciam
449 3114 539 3176 vero,
570 3091 675 3174 Laeli,
696 3091 890 3176 praesertim
912 3091 941 3154 si
967 3091 1096 3176 utrique

92 3186 246 3265 vestrum,
268 3185 305 3245 ut
329 3182 417 3264 dicis,
441 3184 571 3266 gratum
592 3179 738 3243 futurum
761 3182 819 3242 est.
1157 3254 1160 3260 Ι

159 3271 303 3334 Larcius.
340 3268 499 3333 Volumus
523 3288 613 3349 sane,
639 3266 703 3330 nisi
725 3267 898 3331 molestum
920 3269 982 3349 est,
1005 3265 1097 3350 Cato,

93 3360 262 3441 tamquam
275 3358 408 3442 longam
423 3355 565 3437 aliquam
579 3354 666 3419 viam
680 3354 863 3438 confeceris,
886 3376 983 3438 quam
1001 3355 1097 3419 nobis

94 3466 220 3529 quoque
243 3442 492 3530 ingrediundum
510 3442 562 3528 sit,
584 3441 677 3528 istuc,
700 3463 764 3526 quo
782 3441 968 3528 pervenisti,
988 3441 1097 3507 videre

93 3533 189 3616 quale
213 3532 264 3597 sit.

891 3608 945 3663 lt*
