2476 3848
474 177 716 241 —433—

89 339 283 420 intervenire
306 336 467 421 sapienti?
490 337 544 402 sed
566 338 628 403 hoc
650 339 719 403 isne
743 339 832 421 dicit,
857 339 925 422 qui,
947 360 1018 404 cum
1042 339 1093 404 do-

91 426 191 490 lorem
209 447 276 490 non
294 425 389 491 modo
408 447 593 490 maxumum
611 426 747 510 malum,
771 425 826 490 sed
845 427 951 490 solum
975 427 1096 490 malum

89 513 189 576 etiam
218 512 348 597 dixerit,
372 516 443 579 toto
471 535 603 596 corpore
632 513 772 596 opprimi
798 515 905 597 possit
932 513 1096 578 doloribus

89 601 264 665 acerrumis
279 603 357 683 tum,
374 622 445 666 oum
459 602 597 665 maxime
612 604 725 665 contra
738 601 902 665 fortunam
916 600 1096 685 glorietur?

91 687 183 763 Quod
196 688 282 751 idem
295 688 484 753 melioribus
499 689 596 752 etiam
612 689 717 753 verbis
726 687 944 754 Metrodorus:
963 687 1095 753 ‘Ocou-
1116 698 1151 749 Ξῖ

90 774 180 858 pavi
202 774 270 858 te’,
292 775 409 860 inquit,
433 775 629 859 ‘Fortuna
653 778 766 859 atque
789 776 874 859 cepi
897 777 1096 861 omnisque

85 863 222 927 aditus
245 866 332 927 tuos
356 863 575 947 interclusi,
597 866 638 927 ut
656 862 700 928 ad
719 885 775 928 me
798 865 998 946 adspirare
1020 885 1097 928 non

91 948 245 1032 posses?
294 949 472 1034 Praeclare,
505 951 532 1015 si
560 950 671 1016 Aristo
699 949 798 1016 Chius
826 956 883 1016 aut
910 953 938 1016 si
970 949 1095 1016 Stoicus

91 1037 199 1101 Zenon
218 1037 351 1120 diceret,
370 1039 434 1120 qui,
454 1039 518 1102 nisi
537 1039 621 1122 quod
640 1043 734 1122 turpe
753 1042 852 1122 esset,
874 1039 956 1103 nihil
975 1039 1096 1103 malum

90 1126 232 1208 duceret3
267 1130 304 1188 tn
337 1146 427 1209 vero,
460 1124 657 1208 Metrodore,
690 1126 745 1210 qui
780 1149 874 1192 omne
907 1126 1028 1192 bonum
1063 1128 1097 1191 in

91 1213 269 1277 visceribus
288 1212 501 1296 medullisque
520 1211 697 1277 condideris
712 1216 745 1277 et
760 1215 918 1279 definieris
935 1236 1096 1278 summum

91 1301 212 1364 bonum
236 1300 330 1364 firma
348 1300 492 1384 corporis
511 1299 690 1364 adfectione
710 1302 936 1385 explorataque
954 1303 1019 1366 eius
1039 1323 1095 1383 spe

91 1388 260 1469 contineri,
286 1387 449 1452 Fortunae
473 1388 579 1451 aditus
606 1387 839 1451 interclusisti?
885 1387 1096 1463 Quomodo?

89 1475 154 1539 isto
178 1476 263 1539 enim
286 1475 370 1540 bono
393 1477 459 1540 iam
483 1473 638 1557 expoliari
663 1477 765 1556 potes.
1109 1526 1150 1587 10

156 1561 257 1645 Atqui
293 1561 345 1627 his
376 1562 548 1646 capiuntur
579 1561 735 1644 imperiti,
772 1565 804 1625 et
835 1564 968 1644 propter
998 1560 1094 1625 huius
1109 1600 1143 1648 23

91 1650 179 1714 modi
198 1650 374 1714 sententias
392 1652 528 1714 istorum
546 1648 715 1714 hominum
734 1653 783 1713 est
801 1648 984 1731 multitudo,
1004 1652 1095 1713 acute

91 1741 199 1802 autem
228 1737 422 1821 disputantis
450 1736 530 1801 illud
558 1740 619 1815 est,
646 1758 712 1800 non
740 1737 815 1821 quid
846 1737 978 1821 quisque
1002 1736 1097 1820 dicat,

92 1826 147 1889 sed
175 1825 251 1909 quid
283 1827 397 1910 cuique
431 1824 600 1889 dicendum
630 1825 685 1901 sit,
717 1824 834 1889 videre.
877 1822 976 1888 Velut
1002 1824 1036 1886 in
1060 1846 1097 1888 ea

90 1913 162 1996 ipsa
186 1914 359 1994 sententia,
387 1935 482 1997 quam
505 1913 538 1976 in
566 1912 627 1977 hac
650 1912 868 1995 disputatione
891 1912 1096 1995 suscepimus,

92 2001 198 2064 omnis
217 2001 319 2065 bonos
339 2022 465 2084 semper
482 2001 595 2064 beatos
610 2000 757 2064 volumus
774 2020 852 2064 esse.
885 1999 972 2075 Quos
991 1998 1095 2064 dicam

92 2088 208 2168 bonos,
235 2089 440 2171 perspicuum
468 2090 533 2171 est,
562 2087 711 2153 omnibus
739 2087 823 2150 enim
846 2086 1019 2152 virtutibus
1048 2088 1095 2152 in-

92 2177 232 2238 structos
261 2177 293 2238 et
321 2179 452 2240 ornatos
479 2178 548 2238 tum
577 2174 746 2257 sapientis,
779 2177 848 2237 tum
875 2175 962 2240 viros
993 2177 1096 2240 bonos

92 2261 235 2325 dicimus.
280 2259 469 2344 Videamus,
492 2262 547 2345 qui
570 2261 693 2326 dicendi
718 2262 783 2325 sint
805 2261 902 2325 beati.
936 2262 1096 2346 Equidem

92 2369 146 2412 eos
171 2348 332 2431 existimo,
360 2349 415 2433 qui
437 2349 502 2412 sint
527 2349 562 2412 in
588 2348 683 2412 bonis
706 2347 795 2412 nullo
820 2349 971 2413 adiuncto
993 2350 1094 2433 malo,

91 2457 195 2521 neque
213 2437 280 2500 ulla
298 2436 364 2499 alia
386 2435 461 2500 huic
478 2434 589 2518 verbo,
613 2457 684 2500 cum
703 2436 835 2499 beatum
854 2435 997 2514 dicimus,
1021 2437 1093 2500 suli-
1112 2449 1148 2496 29

91 2526 175 2588 iecte
200 2523 290 2588 notio
319 2527 369 2588 est
395 2522 459 2586 nisi
482 2523 611 2586 secretis
638 2522 733 2588 malis
757 2524 907 2587 omnibus
934 2524 1096 2588 cumulata

91 2612 249 2676 bonorum
282 2609 468 2693 complexio.
521 2608 613 2674 Hanc
646 2612 774 2694 assequi
804 2611 924 2694 virtus,
952 2611 979 2674 si
1010 2611 1095 2695 quic-

91 2721 187 2783 quam
219 2702 347 2782 praeter
378 2698 482 2781 ipsam
513 2697 591 2761 boni
623 2700 686 2781 est,
715 2720 782 2762 non
813 2701 931 2782 potest.
982 2696 1097 2761 Aderit

92 2787 177 2850 enim
200 2787 373 2868 malorum,
396 2786 424 2850 si
443 2784 530 2848 mala
551 2785 608 2848 illa
630 2785 788 2868 ducimus,
810 2786 908 2850 turba
931 2785 1096 2870 quaedam,

93 2876 279 2956 paupertas,
315 2872 518 2956 ignobilitas,
553 2871 734 2957 humilima,
770 2873 926 2955 solitudo,
965 2873 1095 2938 amissio

91 2980 234 3042 suorum,
257 2980 371 3043 graves
389 2960 515 3025 dolores
535 2960 692 3043 corporis,
715 2960 843 3042 perdita
860 2961 1020 3043 valetudo,
1044 2960 1095 3025 de-

90 3047 214 3129 bilitas,
247 3047 398 3128 caecitas,
430 3047 580 3111 interitus
611 3048 735 3129 patriae
742 3098 751 3131 ,
784 3047 928 3131 exilium,
959 3048 1095 3113 servitus

90 3134 236 3217 denique.
290 3133 329 3198 In
359 3134 409 3199 his
441 3138 491 3198 tot
522 3137 555 3198 et
585 3134 686 3199 tantis
723 3132 833 3221 (atqm
869 3136 967 3199 etiam
1001 3137 1096 3219 plura

90 3225 228 3306 possunt
246 3219 402 3308 accidere)
420 3224 530 3304 potest
548 3243 618 3286 esse
637 3223 778 3306 sapiens3
801 3245 874 3287 nam
899 3223 979 3289 haec
1002 3245 1095 3289 casus

90 3311 257 3393 importat,
285 3309 340 3393 qui
367 3309 401 3373 in
429 3310 606 3392 rapientem
633 3314 743 3393 potest
768 3311 939 3376 incurrere.
993 3312 1038 3374 At
1067 3311 1096 3375 si
1122 3342 1125 3349 ·

90 3418 129 3461 ea
147 3399 234 3461 mala
253 3399 341 3480 sunt,
364 3397 435 3481 quis
458 3400 568 3480 potest
585 3401 750 3482 praestare
772 3419 899 3482 semper
917 3399 1112 3483 sapientem·

89 3484 219 3549 beatum
246 3486 328 3567 fore,
355 3505 427 3549 cum
453 3486 505 3549 vel
531 3485 566 3550 in
592 3485 741 3551 omnibus
773 3485 825 3551 his
854 3507 918 3551 uno
949 3483 1101 3568 tempore

121 3589 301 3644 &clientela
316 3591 361 3636 ule.
374 3590 489 3646 pullutum.
504 3591 617 3646 equilen.
880 3593 923 3643 ‘m
