2476 3848
476 204 513 214 -
561 169 712 234 389-

90 332 160 396 viro
184 331 302 414 virtus;
324 330 387 395 viri
410 334 517 395 autem
540 331 672 414 propria
694 331 832 395 maxime
855 335 906 396 est
929 330 1095 416 fortitudo,

91 421 179 483 cuius
213 439 348 482 munera
378 418 440 482 duo
473 422 549 483 sunt
579 418 734 502 maxima,
765 419 879 504 mortis
911 419 1094 503 dolorisque

90 507 293 590 contemptio.
337 505 499 572 Utendum
522 509 572 571 est
594 507 696 591 igitur
717 505 782 590 his,
805 505 834 571 si
855 506 986 571 virtutis
1009 527 1094 571 com-

91 599 198 678 potes,
229 595 279 658 vel
310 594 418 678 potius
449 594 477 658 si
506 595 569 658 viri
599 594 746 658 volumus
776 616 862 674 esse,
892 595 1046 686 quoniam
1075 618 1095 660 a

91 683 170 747 viris
201 682 305 747 virtus
337 704 455 748 nomen
487 686 538 746 est
569 686 724 746 mutuata.
779 682 918 759 Quaeres
949 675 1094 766 fortusse,

91 793 153 854 quo
168 770 272 854 mod0,
290 773 323 835 ct
341 774 440 854 recte,
458 770 559 834 talem
576 769 662 834 euim
678 770 869 835 medicinam
888 770 1094 854 philosophia

90 858 267 941 profitetur.

156 946 255 1011 Venit
280 946 454 1030 Epicurus,
482 946 580 1011 homo
606 946 739 1010 minime
766 946 869 1009 malus
901 946 953 1010 vel
984 946 1093 1030 potius
1106 909 1147 1034 Ἦ

90 1036 140 1098 vir
163 1035 317 1118 optimus3
339 1038 467 1099 tantum
489 1037 612 1117 monet,
634 1036 791 1119 quantum
814 1033 983 1119 intellegit.
1019 1032 1094 1098 ‘Ne-

91 1122 214 1206 glege',
237 1122 355 1206 inquit,
378 1120 559 1186 ‘dolorem'
596 1121 674 1198 Quis
697 1121 759 1186 hoc
778 1121 878 1186 dicit?
914 1121 1017 1204 Idem,
1040 1123 1094 1205 qui

91 1211 233 1280 dolorem
274 1232 434 1274 summum
474 1209 605 1274 malum.
671 1209 736 1274 Vix
776 1210 855 1274 satis
901 1214 1095 1275 constanter.

91 1298 275 1362 Audiamus.
325 1296 378 1362 ‘Si
405 1319 548 1361 summus
576 1298 667 1362 dolor
694 1296 773 1381 est',
800 1298 918 1381 iuquit,
948 1296 1095 1363 ‘brevem

90 1407 219 1450 necesse
242 1389 292 1450 est
318 1383 408 1449 esse?

156 1507 347 1573 Iteradum
371 1508 499 1572 cadem
524 1508 604 1572 ista
626 1508 733 1572 mihil

90 1673 155 1714 non
183 1650 268 1714 enim
295 1649 375 1713 satis
403 1648 572 1733 intellego,
602 1648 677 1732 quid
709 1671 868 1713 summum
898 1649 986 1714 dicas
1016 1671 1094 1733 esse,

91 1738 166 1821 quid
190 1738 294 1803 breve.
331 1735 527 1820 ‘Summum
550 1759 612 1820 quo
633 1736 717 1801 nihil
740 1737 783 1800 sit
804 1737 964 1820 superius,
988 1737 1094 1821 breve,

90 1848 152 1909 quo
181 1825 263 1890 nihil
288 1825 427 1890 brevius.
478 1823 654 1891 Contemno
682 1825 937 1909 magnitudinem
964 1825 1094 1910 doloris,

91 1938 110 1978 a
137 1936 200 1997 qua
231 1936 283 1978 me
309 1914 450 1978 brevitas
482 1914 638 1996 temporis
669 1912 847 1978 vindicabit
879 1917 953 1977 ante
984 1934 1094 1997 paene,

90 2024 186 2084 quam
209 2001 353 2066 venerit?
390 1999 452 2066 Sed
475 2002 504 2065 si
527 2005 577 2066 est
598 1995 707 2067 tantus
731 2001 838 2084 dolor,
861 2007 1000 2084 quantus
1018 2001 1094 2066 Phi-

91 2089 251 2152 loctetae?
297 2088 400 2152 ‘Beue
427 2090 522 2172 plane
545 2111 681 2175 magnus
704 2089 783 2154 mihi
809 2089 937 2173 quidem
959 2090 1094 2174 videtur,

91 2175 146 2238 sed
173 2179 282 2239 tamen
307 2197 374 2241 non
403 2189 558 2261 summus,
591 2176 673 2242 nihil
701 2178 785 2242 enim
816 2177 904 2242 dolet
930 2179 993 2242 nisi
1024 2200 1094 2262 pcs3

90 2266 227 2344 possunt
245 2262 342 2342 oculi,
364 2267 473 2346 potest
491 2267 598 2347 caput,
617 2266 732 2346 latera,
754 2267 935 2349 pulmones,
958 2270 1095 2349 possunt

91 2349 207 2415 omnia.
256 2347 366 2432 Longe
393 2350 494 2434 igitur
520 2351 613 2414 abest
635 2374 654 2415 a
677 2373 802 2416 summo
833 2353 951 2417 dolore.
996 2353 1094 2437 Ergo,

90 2437 208 2521 inquit,
245 2436 336 2501 dolor
370 2436 538 2502 diuturnus
573 2437 674 2502 habet
705 2439 849 2503 lactitiae
887 2438 960 2521 plns
996 2461 1094 2522 quam

91 2523 281 2591 molestiae?
326 2522 420 2590 Nunc
443 2545 504 2608 ego
528 2547 593 2589 non
619 2547 752 2609 possum
777 2529 905 2589 tantum
928 2527 1091 2590 hominem
1110 2539 1145 2587 45

90 2614 173 2678 nihil
205 2635 316 2697 sapere
348 2613 466 2694 dicere,
501 2613 556 2677 sed
589 2635 648 2679 uos
685 2613 725 2677 ab
762 2634 799 2679 eo
838 2612 975 2676 derideri
1005 2616 1093 2696 puto.

90 2702 162 2786 Ego
208 2724 368 2766 summurn
413 2701 554 2766 dolorem
603 2698 811 2786 (‘summum'
857 2704 964 2765 eutem
1013 2700 1094 2783 dico,

92 2791 218 2854 etiamsi
246 2791 353 2855 decem
382 2789 497 2854 atomis
521 2792 572 2854 est
593 2790 696 2854 maior
723 2786 819 2872 elius)
845 2810 911 2852 nou
938 2790 1092 2854 continuo

92 2899 160 2941 esse
187 2878 259 2942 dico
286 2879 416 2943 brevem
443 2879 624 2962 multosque
647 2899 779 2961 possum
801 2877 904 2940 bonos
927 2877 1013 2942 viros
1036 2899 1093 2944 no·

90 2965 227 3047 minare,
263 2968 319 3050 qui
354 2967 535 3050 complures
581 2988 680 3031 annos
726 2965 890 3030 doloribus
931 2965 1093 3052 podagrae

91 3054 271 3117 crucientur
297 3055 456 3118 maximis.
506 3053 568 3118 Sed
594 3054 691 3118 homo
719 3057 810 3118 catus
832 3075 1007 3137 numquam
1031 3059 1093 3120 ter-

91 3142 195 3206 minat
217 3163 275 3205 nec
298 3140 529 3225 magnitudinis
556 3162 615 3205 nec
645 3142 867 3206 diuturnitatis
890 3142 1033 3227 modum,
1056 3147 1094 3207 ut

92 3231 206 3313 sciam,
233 3227 308 3312 quid
336 3249 496 3292 summum
523 3228 609 3292 dicat
630 3229 664 3293 in
687 3228 809 3312 dolore,
837 3228 914 3312 quid
940 3230 1036 3295 breve
1058 3231 1092 3294 in

91 3323 245 3401 tempore.
298 3314 493 3379 Omittamus
525 3315 609 3379 hunc
640 3316 740 3400 igitur
771 3317 853 3381 nihil
884 3339 1016 3401 prorsus
1046 3319 1091 3382 di·

91 3410 216 3470 centem
243 3423 457 3488 cogamusque
484 3403 629 3468 confiteri
654 3425 719 3468 uon
746 3426 815 3469 csse
844 3404 884 3469 ab
909 3426 947 3469 eo
970 3406 1093 3470 doloris

91 3493 232 3557 remedia
262 3490 454 3573 quaerenda,
491 3492 546 3574 qui
578 3490 720 3557 dolorem
753 3493 911 3558 malorum
949 3494 1092 3558 omnium

1132 3546 1158 3629 1
