2476 3848
476 171 716 235 -217-

88 329 190 395 habet
216 329 429 415 aequitatem,
455 333 493 394 ut
520 351 635 417 agrum
661 331 774 398 multis
801 331 893 396 annis
916 334 1095 400 autetiam

90 417 227 482 saeculis
249 421 325 483 ante
347 438 549 503 possessum,
576 419 632 502 qui
652 419 780 484 nullum
807 420 936 503 habuit,
964 419 1095 506 habeat,

90 506 147 590 qui
169 508 277 570 autem
298 505 426 584 habuit,
449 507 603 571 amittat?
650 506 697 572 Ac
718 510 853 592 propter
873 508 936 574 hoc
957 508 1094 574 iniuriae
1103 481 1147 608 ζῇ

90 614 192 680 genus
214 592 460 658 Lacedaemonii
480 593 683 678 Lysandrum
710 594 867 679 ephorum
894 597 1094 681 expulenmt,

89 682 190 769 Agim
212 700 339 767 regem,
362 681 449 765 quod
469 704 647 766 numquam
670 687 766 748 antea
789 684 875 768 apud
897 704 952 749 eos
976 684 1094 749 accide

88 774 154 854 rat,
180 773 389 854 necaverunt,
416 790 517 854 exque
544 791 583 835 ec
608 774 755 855 tempore
782 775 895 836 tantae
917 772 1094 838 discordiae

90 861 218 923 secutae
246 861 334 942 sunt,
365 861 403 922 ut
430 861 463 922 et
489 859 620 942 tyranni
647 859 822 923 existerent
850 864 883 925 et
910 864 1093 945 optumates

90 947 381 1011 exterminarentur
407 950 441 1010 et
466 947 723 1030 praeclarissime
755 948 1011 1013 constitutores
1037 972 1094 1033 pu-

89 1035 176 1100 blica
202 1034 411 1116 dilaberetur3
442 1055 501 1099 nec
527 1055 603 1101 vero
636 1036 742 1100 solum
774 1036 848 1120 ipsa
878 1036 1006 1120 eccidit,
1038 1036 1095 1102 sed

91 1123 189 1188 etiam
211 1122 371 1205 reliquam
393 1121 563 1187 Graeciam
586 1123 702 1188 evertit
725 1124 971 1210 contagionibus
994 1125 1095 1190 malo-

90 1232 171 1294 rum,
194 1232 276 1294 quae
297 1232 317 1274 a
334 1208 595 1275 Lacedaemoniis
613 1210 778 1295 profectae
795 1217 968 1277 manarunt
986 1213 1094 1278 latius.

90 1297 195 1374 Quid?
218 1301 349 1364 nostros
367 1297 540 1381 Gracchos,
562 1298 610 1362 Ti.
629 1297 766 1363 Gracchi
783 1300 902 1364 summi
918 1294 982 1364 viri
998 1301 1094 1385 filios,

90 1385 237 1452 Africani
262 1389 411 1471 nepotes,
437 1406 544 1450 nonne
571 1386 720 1471 agrariae
747 1387 968 1452 'contentiones
990 1389 1095 1472 perdi-

91 1475 229 1539 derunt?
264 1472 312 1538 At
334 1495 410 1539 vero
433 1473 556 1538 Aratus
574 1471 742 1557 Sicyonius
759 1474 829 1537 iure
846 1474 1006 1557 laudatur,
1029 1475 1093 1559 qui,
1111 1492 1145 1541 81

91 1583 164 1627 cum
184 1560 253 1626 eius
271 1562 386 1627 civitas
406 1561 641 1646 quinquaginta
659 1582 760 1625 annos
775 1561 954 1644 styrannis
972 1565 1094 1627 tenere

91 1654 154 1734 tur,
171 1649 336 1735 profectus
351 1649 452 1735 Argis
467 1647 635 1733 Sicyonem
650 1648 850 1714 clandestino
864 1649 1001 1713 introitu
1013 1650 1094 1716 urbe

91 1741 142 1802 est
171 1738 313 1824 potitus,
344 1759 480 1821 cumque
510 1741 685 1821 tyrannum
716 1735 883 1803 Nicoclem
914 1736 1092 1821 improviso

91 1826 321 1911 oppressisset,
364 1829 526 1890 sescentos
570 1826 710 1909 exsules,
752 1825 807 1908 qui
846 1825 1094 1909 locupletissimi

89 1913 220 1979 fuerant
247 1914 314 1978 eius
342 1913 499 1995 civitatis,
527 1913 673 1978 restituit
700 1934 832 1998 remque
853 1913 1018 1998 publicam
1041 1913 1094 1978 ad·

90 2006 189 2066 ventu
208 2023 265 2067 suo
284 2001 444 2066 liberavit.
475 1999 538 2066 Sed
556 2023 628 2066 cum
647 2023 800 2086 magnam
824 2001 1095 2068 animadverteret

90 2090 241 2155 inbonis
265 2094 298 2154 et
318 2089 577 2174 possessionibus
600 2089 838 2173 difficultatem,
865 2090 952 2174 quod
974 2093 1007 2155 et
1029 2112 1094 2175 ecs,

92 2198 172 2260 quos
195 2178 265 2263 ipse
287 2177 488 2262 restituerat,
518 2199 656 2261 quorum
681 2178 768 2242 bona
795 2177 852 2243 alii
873 2178 1094 2263 possederant,

91 2286 186 2350 egere
207 2265 446 2349 iniquissimum
469 2280 540 2330 esse
555 2266 776 2330 arbitrabatur
798 2269 832 2330 et
858 2265 1094 2352 quinquaginta

90 2374 248 2418 annorum
266 2353 486 2437 possessiones
504 2352 629 2418 moveri
645 2372 712 2419 non
729 2352 826 2417 nimis
841 2373 978 2435 aequum
1000 2358 1093 2439 puta-

91 2441 164 2523 bat,
192 2447 365 2526 propterea
391 2439 476 2525 quod
498 2443 568 2505 tam
589 2440 689 2526 longo
713 2440 820 2526 spatio
842 2441 947 2504 multa
968 2439 1093 2505 heredi-

90 2528 224 2606 tatibus,
247 2530 351 2593 multa
373 2527 600 2612 emptionibus,
622 2527 727 2592 multa
749 2526 879 2591 dotibus
899 2527 1094 2591 tenebantur

91 2615 160 2680 sine
186 2616 317 2699 iniuria,
343 2615 497 2681 iudicavit
523 2637 626 2700 neque
653 2614 721 2680 illis
748 2614 848 2678 adimi
874 2628 934 2678 nec
959 2614 1001 2677 iis
1027 2634 1094 2678 non

91 2704 172 2769 satis
195 2705 275 2788 fieri,
298 2725 436 2788 quorum
457 2702 518 2767 illa
536 2703 675 2787 fuerant,
698 2705 856 2786 oportere.
892 2699 973 2766 Oum
991 2699 1093 2785 igitur
1111 2716 1145 2766 aa

92 2791 261 2857 statuisset
287 2814 368 2876 opus
396 2812 466 2856 esse
493 2791 536 2856 ad
562 2813 633 2856 eam
660 2805 729 2854 rem
756 2787 1014 2855 constituendam
1041 2809 1093 2872 pe·

91 2879 198 2962 cunia,
228 2879 466 2945 Alexandream
494 2900 529 2943 se
555 2877 716 2964 proficisci
741 2877 826 2943 velle
853 2876 934 2939 dixit
960 2896 1093 2960 remque

90 2966 253 3053 integram
281 2967 322 3032 ad
348 2968 486 3033 reditum
514 2988 608 3032 suum
634 2965 730 3030 iussit
757 2985 840 3048 ease,
867 2964 959 3048 isque
985 2963 1095 3030 celeri·

90 3058 141 3119 ter
163 3055 205 3120 ad
226 3055 461 3139 Ptolomaeum,
484 3078 577 3122 suum
604 3053 777 3138 hospitem,
804 3051 906 3136 venit,
940 3052 996 3136 qui
1041 3064 1044 3069 '

89 3143 250 3228 regnabat
273 3143 356 3208 alter
377 3146 454 3227 post
473 3142 711 3208 Alexandream
733 3141 905 3206 conditam.
936 3139 999 3206 Oui

91 3231 293 3315 exposuisset
320 3231 462 3315 patriam
489 3251 523 3295 se
549 3229 688 3295 liberare
714 3229 799 3293 velle
821 3242 1016 3313 causamque

89 3319 219 3405 coisset,
241 3339 355 3405 aroge
376 3318 529 3404 opulento
547 3317 598 3384 vir
620 3325 764 3383 summus
781 3315 878 3383 facile
896 3314 982 3419 impe
1038 3386 1042 3395 ,

89 3410 127 3471 ut
150 3407 266 3493 grandi
287 3407 424 3491 pecunia
446 3406 661 3472 adiuraretur.
702 3403 807 3482 Quam
828 3424 902 3473 cum
924 3400 998 3490 Sroy

89 3494 269 3580 attulisset,
297 3494 445 3560 adhibuit
467 3494 530 3559 sibl
551 3494 587 3560 in
608 3492 780 3561 consilium
796 3491 1027 3624 Q!
