2476 3848
480 200 517 209 -
564 166 717 230 443-

91 328 189 393 morti
211 328 276 391 iam
299 326 363 409 ipsi
387 326 573 391 adventanti
595 326 728 409 paulum
745 327 918 410 procedere
936 329 978 392 ob
1001 330 1096 412 viam,

89 414 175 498 quod
198 413 276 478 fecit
298 412 446 498 Catulus,
474 436 572 498 quam
594 414 678 498 quod
701 413 837 498 Marius,
863 414 941 479 10110
964 416 1026 479 viri
1048 417 1095 480 111-

90 503 189 567 1011111
213 524 268 567 sex
293 523 368 566 suos
391 501 527 566 obruere
551 503 734 566 consulatus
746 505 786 565 et
804 503 1022 568 contaminare
1043 524 1095 566 ex·

90 594 228 653 tremum
251 593 380 672 tempus
404 589 1148 702 0010110.20

157 676 484 761 Duodequadraginta
510 697 611 741 annos
638 679 798 760 tyrannus
821 675 1095 760 Syracusanorum
1113 715 1147 764 ot

91 765 155 828 fuit
180 763 370 848 Dionysius,
399 786 470 829 cum
499 765 638 848 quinque
666 768 698 827 01
725 764 842 849 viginti
868 767 963 828 natus
993 787 1097 830 annos

92 852 293 916 dominatum
320 852 548 934 occupavisset.
603 850 674 927 Qua
705 851 846 934 pulchrit
832 851 943 917 tudine
973 853 1096 936 urbem,

90 939 207 1023 quibus
239 942 346 1003 autem
376 939 490 1022 opibus
518 939 697 1022 praeditam
725 939 879 1003 servitute
908 961 1095 1023 oppressam

91 1027 196 1091 tenuit
231 1027 409 1127 civitatem!
467 1026 568 1110 Atqui
610 1025 648 1090 de
684 1026 746 1091 hoc
780 1026 910 1092 homine
947 1050 966 1092 a
1001 1028 1096 1093 bonis

92 1114 277 1179 auctoribus
309 1113 355 1178 sic
387 1114 542 1197 scriptum
574 1114 767 1197 accepimus,
803 1136 962 1180 summam
997 1115 1096 1180 fuisse

92 1202 160 1265 aius
197 1202 232 1266 in
267 1201 356 1267 rictu
391 1202 638 1284 temperantiam
674 1200 708 1265 in
750 1202 908 1286 rebusque
944 1203 1096 1286 gerundis

92 1290 197 1353 virum
221 1311 327 1354 acrem
351 1293 384 1353 01
404 1289 612 1372 industrium,
636 1288 770 1353 eundem
788 1292 899 1354 tamen
918 1291 1096 1354 maleficum

91 1380 209 1441 natura
231 1378 296 1441 et
286 1377 387 1441 iniust
388 1399 449 1440 um.
491 1376 542 1440 le
565 1398 627 1461 quo
651 1377 799 1441 omnibus
822 1376 904 1440 bene
926 1377 1096 1441 veritatem

91 1464 291 1529 intuentibus
315 1465 416 1528 videri
442 1485 571 1528 necesse
587 1466 651 1527 ¹est
673 1464 895 1528 miserrimum.
939 1462 990 1527 Ea
1012 1464 1096 1529 enim

92 1552 177 1635 ipsa,
204 1573 284 1635 quae
312 1552 529 1635 concupierat,
556 1572 596 1614 ne
623 1555 693 1615 tum
721 1550 861 1635 quidem,
890 1572 961 1614 cum
989 1552 1097 1616 omnia

92 1661 126 1704 se
157 1661 252 1722 posse
284 1639 446 1720 censebat,
485 1638 746 1722 consequebatur.
806 1637 866 1714 Qui
903 1660 974 1701 cum
1011 1643 1096 1703 esset
1114 1650 1148 1699 00

91 1727 186 1791 bonis
205 1727 391 1810 parentibus
411 1729 507 1810 atque
524 1725 661 1791 110110010
680 1725 752 1791 1000
767 1729 862 1790 natus
885 1721 959 1809 (etsi
978 1725 1011 1788 id
1028 1726 1096 1810 qui·

92 1815 165 1878 dem
183 1814 265 1878 alius
287 1815 351 1879 alio
375 1815 468 1878 modo
491 1811 640 1899 tradidit)
665 1813 903 1897 abundaretque
926 1816 958 1877 et
981 1834 1095 1897 aequa·

91 1902 170 1966 lium
202 1900 479 1966 familiaritatibus
511 1905 545 1965 et
575 1901 805 1965 consuetudine
835 1900 1097 1985 propinquorum,

92 1989 227 2054 haberet
258 1990 355 2053 etiam
388 2010 476 2053 more
509 1987 661 2053 Graeciae
698 1988 852 2072 quosdam
885 1987 1097 2053 adulescentis

94 2098 202 2141 amore
234 2078 434 2158 coniunctos,
472 2076 623 2142 credebat
643 2095 763 2140 ‘eorum
795 2076 929 2154 nemini,
962 2076 1017 2141 sed
1048 2076 1097 2159 iis,

92 2186 174 2248 quos
198 2186 236 2228 ex
258 2164 390 2228 familiis
414 2164 624 2247 locupletium
647 2185 755 2229 servos
778 2163 954 2247 delegerat,
980 2164 1096 2247 quibus

93 2274 211 2317 nomen
238 2253 401 2316 servitutis
428 2251 498 2334 ipse
525 2251 719 2336 detraxerat,
747 2253 779 2315 et
809 2251 1000 2334 quibusdam
1023 2273 1097 2317 con·

93 2340 183 2404 venis
211 2343 244 2404 01
270 2340 347 2404 feris
375 2339 521 2403 barbaris
549 2339 691 2423 corporis
719 2339 896 2403 custodiam
918 2340 1096 2404 committa·

93 2427 160 2492 bat.
204 2425 257 2491 Ita
283 2430 415 2510 propter
442 2427 596 2491 iniustam
625 2426 808 2492 dominatus
831 2426 1039 2509 cupiditatem
1062 2426 1097 2491 in

94 2537 254 2580 carcerem
272 2515 411 2599 quodam
430 2515 525 2579 modo
544 2515 613 2598 ipse
632 2535 665 2578 se
679 2514 860 2579 incluserat.
893 2512 1097 2597 Quinetiam,

93 2624 134 2666 ne
165 2603 289 2667 tonsori
320 2601 438 2667 collum
469 2602 699 2685 committeret,
734 2602 867 2667 tondere
906 2601 989 2665 filias
1022 2623 1096 2665 suas

95 2690 210 2754 docuit.
263 2689 315 2754 Ita
346 2689 472 2754 sordido
502 2689 708 2774 ancillarique
737 2689 871 2754 artificio
898 2689 1006 2772 regiae
1036 2689 1096 2752 vir·

94 2778 185 2861 gines
213 2781 250 2841 ut
279 2776 489 2842 tonstriculae
516 2777 694 2842 tondebant
721 2778 854 2841 barbam
882 2779 915 2840 et
945 2776 1097 2858 capillum

94 2865 204 2947 patris
236 2863 282 2927 111
299 2868 408 2928 10111011
426 2864 466 2928 ab
484 2864 564 2928 his
554 2865 644 2949 ipsis,
662 2887 734 2929 cum
753 2864 818 2928 iam
835 2866 943 2928 essent
960 2861 1050 2926 adult
1036 2866 1098 2947 tae,

94 2951 213 3014 ferrum
232 2951 371 3014 removit
387 2951 599 3036 instituitque,
617 2955 654 3016 111
667 2951 804 3016 0011110111
790 2951 877 3018 tibus
895 2950 1097 3034 iuglandium

93 3040 152 3120 put
138 3037 314 3101 taminibus
333 3038 468 3102 barbam
488 3039 550 3104 sibi
569 3043 602 3104 01
620 3039 770 3122 capillum
789 3038 966 3102 adurerent.
1003 3035 1096 3103 Cum·
1116 3059 1150 3107 09

94 3146 154 3209 que
178 3124 255 3188 duas
278 3145 392 3188 uxores
416 3125 563 3210 haberet,
585 3127 676 3191 Arist
664 3126 845 3227 tomachen,
872 3125 1099 3227 0110111011οι11,

94 3148 246 3276 Doridem
276 3214 331 3274 aut
332 3232 383 3274 em
409 3211 614 3296 Locrensem,
648 3215 693 3277 sic
720 3218 797 3278 noct
799 3236 819 3276 u
783 3213 887 3277 tad
914 3235 968 3278 eas
997 3215 1098 3279 venti·

94 3300 200 3383 tabat,
226 3303 264 3363 ut
290 3299 400 3362 omnia
427 3301 647 3382 specularetur
673 3303 706 3365 et
732 3304 988 3384 perscrutaretur
1017 3305 1098 3366 ante.

93 3387 231 3452 Etcum
254 3386 376 3451 fossam
403 3387 503 3450 latam
526 3388 701 3452 cubiculari
729 3388 813 3454 lecto
836 3389 1099 3453 circumdedisset

92 3476 222 3559 eiusque
240 3474 347 3540 fossae
364 3474 537 3540 transitum
554 3474 720 3558 ponticulo
744 3476 852 3562 ligneo
870 3476 1099 3579 coniunxisset,
1143 3510 1176 3629 ⁴
