2476 3848
455 168 608 235 -205
653 205 696 216 ·-

73 328 241 394 sermonis.
285 327 427 393 Exstant
454 328 613 413 epistulae
640 332 673 393 et
699 328 844 414 Philippi
871 329 912 394 ad
938 330 1076 397 Alexan-

73 418 167 481 drum
199 418 233 481 et
259 414 429 500 Antipatri
460 416 502 480 ad
528 415 746 481 Cassandrum
778 420 811 482 et
844 416 1004 502 Antigoni
1035 419 1076 484 ad

71 504 261 589 Philippum
287 505 404 605 filium,
431 504 532 569 trium
558 505 884 588 prudentissimorum
905 502 966 590 (sic
989 507 1074 570 enim

73 590 287 677 accepimus),
315 592 432 676 quibus
459 592 675 676 praecipiunt,
701 597 739 656 ut
766 593 912 658 oratione
935 593 1076 678 benigna

72 679 291 746 multitudinis
320 681 445 744 animos
476 681 517 743 ad
544 680 797 744 benivolentiam
825 680 971 745 alliciant
993 680 1076 744 mili·

72 773 186 851 tesque
208 768 326 832 blande
354 768 547 853 appellando
576 770 748 850 [sermone]
778 768 941 833 deliniant.
987 767 1076 843 Quae

73 861 183 922 autem
204 855 240 920 in
261 856 468 920 multitudine
490 878 563 920 cum
582 856 786 921 contentione
804 857 943 921 habetur
961 857 1076 941 oratio,

72 967 112 1009 ea
130 965 226 1028 saepe
245 944 429 1008 universam
447 944 567 1008 excitat
585 944 766 1029 [gloriamk
784 966 904 1030 magna
922 948 972 1009 est
990 945 1075 1009 enim

73 1031 246 1096 admiratio
286 1031 415 1116 copiose
451 1032 675 1116 sapienterque
707 1033 856 1118 dicentis,
893 1055 989 1117 quem
1020 1033 1076 1116 qui

74 1119 223 1202 audiunt,
249 1119 439 1204 intellegere
462 1120 560 1183 etiam
584 1124 616 1183 et
639 1142 752 1203 sapere
774 1122 849 1204 plus
872 1143 969 1205 quam
992 1125 1075 1186 cete-

73 1229 129 1273 ros
152 1207 361 1272 arbitrantur.
398 1205 433 1270 Si
449 1229 526 1270 vero
548 1207 634 1271 inest
656 1208 692 1271 in
713 1206 860 1273 oratione
882 1209 986 1273 mixta
1007 1230 1076 1273 mo-

74 1295 180 1360 destia
201 1295 346 1380 gravitas
353 1345 361 1378 ,
383 1294 466 1359 nihil
490 1294 712 1359 admirabilius
735 1296 806 1360 fieri
829 1300 951 1380 potest,
974 1318 1075 1379 eoque

74 1384 194 1469 magis,
217 1383 246 1449 si
268 1405 306 1448 ea
325 1387 399 1447 sunt
417 1383 451 1446 in
470 1382 680 1447 adulescente.
727 1381 790 1447 Sed
807 1405 879 1447 cum
898 1384 964 1446 sint
981 1385 1077 1466 plura
1094 1401 1127 1449 49

74 1493 245 1537 causarum
269 1492 400 1556 genera,
429 1492 511 1553 quae
538 1469 756 1553 eloquentiam
780 1470 972 1551 desiderent,
995 1471 1076 1533 mul·

75 1560 166 1642 tique
187 1559 222 1622 in
243 1562 357 1622 nostra
379 1579 413 1622 re
436 1558 567 1642 publica
590 1557 809 1622 adulescentes
833 1561 866 1619 et
890 1557 975 1641 apud
996 1557 1076 1619 iudi-

75 1668 127 1713 ces
151 1650 184 1710 et
202 1648 288 1731 apud
304 1647 462 1731 populum
480 1649 513 1710 et
532 1646 616 1730 apud
635 1649 783 1709 senatum
801 1644 933 1709 dicendo
948 1645 1076 1708 laudem

76 1734 215 1800 assecuti
238 1734 320 1814 sint,
342 1734 483 1798 maxima
506 1737 556 1798 est
578 1733 749 1798 admiratio
772 1732 806 1796 in
829 1731 969 1816 iudiciis,
1002 1753 1077 1816 quo·

75 1846 148 1889 rum
169 1822 254 1887 ratio
278 1821 396 1905 duplex
419 1825 477 1885 est.
521 1820 608 1886 Nam
631 1844 669 1885 ex
692 1821 895 1887 accusatione
918 1824 1008 1884 etex
1027 1820 1078 1884 de-

74 1911 219 1975 fensione
242 1912 385 1992 constat,
408 1931 545 1992 quarum
563 1910 625 1974 etsi
643 1909 838 1974 laudabilior
857 1912 906 1972 est
925 1908 1076 1989 defensio,

76 2003 185 2063 tamen
218 1998 318 2062 etiam
349 1997 511 2062 accusatio
543 1999 682 2082 probata
712 2019 867 2082 persaepe
895 2000 953 2060 est.
1001 1994 1078 2059 Dixi

75 2086 174 2170 paulo
198 2089 273 2150 ante
301 2085 338 2148 de
361 2083 494 2168 Crass03
521 2086 607 2149 idem
633 2086 712 2150 fecit
735 2086 921 2150 adulescens
944 2084 987 2149 M.
1010 2083 1077 2148 An-

75 2172 193 2238 tonius.
237 2172 347 2238 Etiam
374 2171 410 2237 P.
438 2171 560 2258 Sulpici
587 2174 805 2256 eloquentiam
839 2173 1002 2238 accusatio
1031 2172 1078 2235 in-

76 2260 242 2344 lustravit,
266 2283 338 2325 cum
361 2260 550 2324 seditiosum
572 2265 606 2324 et
627 2261 776 2325 inutilem
799 2261 916 2343 civem,
938 2259 973 2325 O.
996 2258 1078 2324 Nor-

76 2349 211 2430 banum,
242 2349 276 2412 in
307 2347 460 2412 iudicium
486 2348 624 2412 vocavit.
674 2346 736 2413 Sed
763 2348 825 2412 hoc
852 2348 980 2431 quidem
1012 2369 1078 2411 non
1097 2363 1130 2413 50

78 2439 128 2500 est
152 2457 247 2519 saepe
269 2435 450 2500 faciendum
472 2457 531 2500 nec
553 2456 708 2517 umquam
734 2435 798 2499 nisi
825 2439 883 2499 aut
905 2435 952 2498 rei
974 2434 1078 2518 publi·

76 2546 132 2589 cae
160 2545 269 2605 causa,
295 2526 332 2587 ut
359 2523 396 2606 ii,
424 2544 504 2606 quos
533 2524 607 2586 ante
636 2522 714 2604 dixi,
743 2525 799 2585 aut
821 2521 1009 2605 ulciscendi,
1041 2524 1078 2584 ut

77 2613 139 2676 duo
162 2610 303 2694 Luculli,
331 2613 388 2675 aut
414 2609 599 2695 patrocinii,
626 2613 663 2673 ut
690 2630 750 2673 nos
777 2631 837 2694 pro
861 2607 991 2691 Siculis,
1017 2627 1077 2690 pro

77 2697 187 2763 Sardis
219 2699 254 2762 in
280 2698 419 2762 Albucio
452 2697 563 2762 Iulius.
614 2697 653 2761 In
685 2697 864 2761 accusando
897 2696 995 2758 etiam
1027 2694 1078 2758 Μ’.

76 2787 210 2869 Aquilio
237 2785 273 2850 L.
296 2785 367 2850 Fufi
394 2786 525 2871 cognita
551 2784 712 2850 industria
741 2786 799 2848 est.
845 2780 950 2845 Semel
977 2781 1078 2866 igitur

79 2878 136 2938 aut
166 2896 233 2938 non
265 2895 360 2958 saepe
392 2877 486 2938 certe.
536 2871 593 2937 Sin
622 2873 698 2954 erit,
730 2871 781 2935 cui
816 2868 998 2934 faciendum
1035 2869 1078 2932 sit

77 2962 220 3046 saepius,
243 2961 460 3044 reipublicae
487 2961 611 3026 tribuat
633 2961 695 3025 hoc
718 2958 873 3040 muneris,
901 2956 990 3021 cuius
1020 2957 1078 3020 ini-

77 3050 178 3114 micos
201 3049 313 3114 ulcisci
337 3049 463 3132 saepius
481 3071 547 3113 non
565 3051 615 3112 est
632 3047 941 3133 reprehendendum,
964 3046 1077 3110 modus

76 3141 187 3202 tamen
210 3137 303 3202 adsit.
348 3135 430 3200 Duri
458 3136 543 3199 enim
569 3135 710 3199 hominis
737 3136 789 3200 vel
812 3134 920 3220 potius
943 3134 998 3200 vix
1020 3135 1078 3198 ho-

77 3224 173 3289 minis
205 3225 333 3290 videtur
359 3224 537 3308 periculum
572 3223 687 3308 capitis
719 3222 838 3287 inferre
865 3222 986 3287 multis.
1040 3220 1080 3287 Id

77 3334 151 3376 curn
173 3313 388 3397 periculosum
410 3311 473 3394 ipsi
496 3314 559 3393 est,
581 3314 651 3375 tum
669 3311 768 3376 etiam
787 3310 950 3376 sordidum
965 3310 1006 3375 ad
1022 3226 1164 3630 ἵ

77 3422 178 3484 mam,
200 3400 415 3482 committere,
442 3402 479 3461 ut
502 3402 669 3464 accusator
690 3399 869 3483 nominem,
896 3398 982 3484 quod
1004 3418 1042 3464 co

76 3487 155 3571 tigit
181 3487 224 3552 M.
251 3487 354 3552 Bruto
383 3508 508 3552 summo
536 3508 652 3572 genere
678 3491 771 3573 nato,
796 3487 886 3552 illius
912 3487 996 3574 filio,
