2476 3848
363 759 412 833 M.
441 758 584 831 TULLI
612 756 858 832 CICERONIS

126 922 257 1010 ulto
289 921 461 1007 MAIOR
492 921 565 1005 Du
597 919 898 1007 SENEOTUTE
930 922 1093 1006 LIBER

296 1105 359 1172 nu
381 1104 417 1171 n.
439 1103 700 1171 comourun
721 1104 926 1172 urrisun.

557 1266 663 1274 ——-—

443 1390 782 1451 ARGUMENTUM.

179 1507 233 1562 Hic
252 1506 332 1574 liber,
352 1505 401 1576 qui
418 1505 583 1560 aCieerone
602 1505 722 1586 scriptus
741 1509 770 1560 et
788 1506 879 1561 editus
897 1505 940 1561 est
954 1522 1027 1561 anno
1041 1525 1068 1577 p.
1084 1524 1112 1565 u.

109 1594 132 1631 c.
153 1584 204 1634 710
223 1580 258 1659 (a.
278 1577 340 1632 Chr.
359 1578 412 1647 44),
432 1576 577 1657 dialogum
595 1577 721 1630 continet
739 1576 774 1657 de
792 1577 936 1631 senectute
954 1576 1114 1660 habitnma

108 1645 1114 1788 tntltttttttutatuta,tttttttt'ntltttfu

30 1788 33 1793 ’
108 1788 237 1857 fingitur,
260 1807 288 1858 p.
307 1805 333 1840 u.
353 1804 376 1842 c.
396 1793 456 1854 ool,
474 1787 505 1841 Τ.
525 1784 655 1849 Quinctio
673 1786 830 1842 Flaminino
848 1783 893 1841 M’.
913 1787 1004 1842 Acilio
1023 1787 1112 1843 Balbo

108 1875 178 1914 coss.
215 1858 367 1928 Appellato
385 1856 507 1928 primum
523 1856 620 1911 Attico
644 1859 674 1911 et
692 1858 832 1926 explicata
853 1874 949 1924 causa,
974 1875 1056 1927 quam
1076 1859 1112 1913 ob

108 1945 167 1983 rem
193 1929 248 1983 hoc
271 1929 465 1997 argumentum
488 1928 609 1981 tractare
637 1928 770 1997 voluerit,
799 1930 855 1983 iarn
883 1946 1036 1984 sermonem
1063 1929 1111 1985 ille

109 1998 178 2051 olim
196 2015 213 2051 a
230 1999 267 2052 M.
287 1997 392 2052 Catone
415 1997 576 2052 institutum
604 2014 633 2051 ae
660 1998 811 2053 relaturum
835 2016 896 2054 esee
919 1998 1061 2070 promittit
1083 2001 1113 2054 et

108 2068 189 2121 illum
207 2067 249 2121 ita
270 2067 432 2137 loquentem
458 2068 493 2122 de
520 2069 664 2122 senectute
687 2068 768 2137 facit,
793 2072 827 2124 ut
850 2072 983 2139 quattuor
1006 2087 1112 2140 causas,

109 2154 180 2207 quae
199 2137 302 2191 adferri
320 2138 437 2204 soleant,
456 2154 540 2206 quam
558 2138 594 2192 ob
612 2154 671 2191 rem
688 2141 808 2194 molesta
826 2143 856 2195 et
868 2141 971 2194 misera
984 2143 1112 2195 senectus

109 2209 154 2276 sit,
173 2207 339 2276 singillatim
356 2209 523 2277 pertractet,
547 2209 577 2262 et
598 2207 648 2261 illa
671 2212 835 2278 argumenta
857 2211 1008 2280 separatim
1031 2211 1111 2266 refel-

108 2280 166 2333 lere
185 2279 309 2346 studeat,
332 2277 453 2348 primum
476 2278 551 2347 quod
574 2279 701 2333 senectus
724 2281 824 2333 avocet
842 2297 859 2333 a
876 2280 958 2334 rebus
981 2281 1111 2351 gerendis

109 2353 180 2419 (cap.
201 2351 291 2418 6-8),
315 2348 416 2402 deinde
440 2348 514 2416 quod
533 2363 632 2417 corpus
652 2347 738 2401 faciat
760 2349 894 2402 infirmius
919 2353 989 2472 Scap.
1015 2358 1110 2406 9-11.

109 2427 123 2486 5
142 2421 268 2487 27-38),
286 2419 347 2472 tum
362 2418 437 2486 quod
471 2417 545 2471 rivet
560 2417 688 2471 omnibus
706 2417 764 2472 fere
783 2419 922 2488 voluptati
944 2437 975 2473 us
990 2423 1060 2489 (cap.
1078 2427 1110 2476 12

109 2490 199 2560 —18),
217 2487 337 2557 denique
357 2488 431 2557 quod
449 2437 524 2541 Haud
546 2488 645 2557 procul
664 2487 739 2542 absit
756 2505 773 2543 a
790 2491 879 2543 morte
903 2492 975 2558 (cap.
987 2493 1111 2558 19-24).

1128 2713 1141 2773 1

153 2735 296 2821 OTite,
320 2735 352 2800 si
371 2734 460 2818 quid
479 2758 548 2821 ego
569 2735 723 2800 adiuero
749 2757 928 2800 curamve
946 2734 1111 2815 levasso,
1131 2790 1145 2837 1

153 2823 254 2899 Quae
267 2845 366 2888 nunc
380 2827 417 2887 te
440 2824 572 2907 coquit
591 2827 627 2888 et
645 2827 778 2888 versat
791 2823 831 2887 in
848 2825 1003 2907 pectore
1022 2823 1111 2908 fixa,

152 2910 301 2994 Ecquid
324 2911 398 2975 erit
421 2911 588 2995 praemi?

85 2999 200 3063 'Licet
227 2999 311 3063 enim
343 2999 423 3063 mihi
449 2999 596 3063 versibus
629 2998 748 3063 eisdem
780 2997 883 3063 adfari
914 3002 960 3084 te,
993 2999 1110 3084 Attice,

109 3087 225 3170 quibus
249 3086 379 3151 adfatur
401 3085 618 3150 Flamininum
936 3107 938 3111 ’

147 3174 226 3240 llle
244 3175 303 3239 vir
321 3173 420 3238 haud
438 3195 574 3258 magna
593 3197 673 3254 cnm
692 3196 744 3257 re,
762 3175 826 3238 sed
845 3174 983 3259 plenus
1000 3176 1110 3260 fidei3

108 3284 304 3347 quamquam
327 3265 415 3326 certo
439 3261 505 3325 scio
527 3282 602 3345 non,
624 3257 661 3325 ut
683 3261 910 3347 Flamininum,

153 3348 376 3415 Sollicitari
399 3353 451 3432 te,
474 3347 579 3433 Tite,
603 3349 658 3414 sio
680 3355 891 3435 noctesque
915 3351 1084 3434 diesque3

107 3436 184 3502 novi
220 3437 305 3502 enim
337 3436 589 3502 moderationem
627 3438 726 3504 animi
762 3440 811 3504 tui
842 3441 875 3504 et
914 3439 1116 3522 aequitatem
1196 3510 1200 3515 .

156 3540 337 3598 uersentur,
352 3522 657 3600 disputatiunculam
925 3549 966 3599 rs
