2476 3848
438 1021 614 1116 ssroeitee
643 1024 755 1125 llari).

524 1173 621 1248 1-2,
643 1172 672 1230 5.

158 1290 214 1366 81¹1
238 1291 353 1372 amciter
377 1291 471 1372 dude
493 1295 572 1371 tttut
594 1291 624 1356 s.
649 1289 768 1355 nultus
791 1289 836 1353 bie
859 1288 987 1369 [lotide
1011 1288 1105 1370 cluo:

90 1377 166 1458 logie
189 1392 252 1461 occ,
282 1380 433 1461 roetelein
457 1380 516 1444 oter
539 1370 707 1460 §acutule
731 1377 848 1458 astitui.
895 1380 1031 1439 Primum
1054 1381 1105 1441 do-

91 1473 159 1530 cent
183 1490 259 1530 esse
284 1473 368 1549 deos,
397 1472 504 1531 deinde
529 1472 657 1550 quales
686 1470 760 1547 sint,
788 1471 855 1528 tum
877 1467 1044 1527 mundum
1068 1469 1105 1529 ab

92 1560 134 1618 eis
154 1559 366 1636 administrari,
389 1563 541 1636 postremo
560 1559 716 1619 consulere
736 1575 786 1617 eos
803 1556 913 1616 rebus
931 1557 1104 1618 humanis.

91 1645 158 1709 aas
183 1647 262 1727 erite,
285 1646 334 1711 bec
357 1644 472 1711 dicate
495 1663 533 1709 cn
555 1645 609 1709 bus
634 1642 744 1723 §toleto
767 1642 816 1706 bec
839 1639 958 1720 diltcei,
987 1643 1106 1722 curpett

91 1752 126 1812 311
153 1733 203 1813 tici
229 1733 399 1814 incoleret
427 1735 527 1813 escle,
556 1734 603 1798 uls
632 1731 688 1811 bui
716 1739 747 1795 es
778 1730 858 1795 ciues
887 1730 1019 1794 meiteceu
1048 1732 1104 1797 oe:

90 1822 189 1901 roetico
212 1822 347 1904 bettrile.
393 1821 468 1902 llud
492 1822 542 1903 tut
565 1822 653 1902 tiela
677 1819 792 1888 diocte
816 1819 891 1883 utcu
915 1817 1035 1900 tledlel
1057 1820 1106 1884 bct

91 1909 192 1986 sseiteu
219 1912 390 1978 tterbuuert
416 1913 475 1977 uuo
503 1909 551 1991 litt
579 1910 606 1991 je
633 1909 734 1989 ltouer
756 1908 783 1989 je
810 1907 890 1988 mett
918 1908 950 1972 iu
977 1915 1035 1974 uus
1059 1909 1104 1974 he:

89 1998 189 2078 feltisst.

157 2207 247 2283 Quae
275 2230 348 2272 cum
372 2206 470 2273 Cotta
498 2209 646 2294 dixisset,
673 2212 744 2273 tum
767 2208 926 2274 Velleius:
955 2205 1006 2273 Ne
1034 2157 1137 2307 agol,

90 2297 205 2380 inquit,
229 2297 387 2379 incautus,
411 2298 466 2380 qui
485 2319 557 2362 cnm
576 2297 771 2363 Academico
791 2303 823 2362 et
842 2297 954 2362 eodem
974 2296 1104 2361 rhetore

91 2384 244 2466 congredi
272 2388 407 2450 conatus
436 2387 511 2451 siml
556 2385 642 2451 Nam
670 2407 774 2470 neque
804 2386 996 2450 indisertum
1024 2384 1105 2450 Aca·

91 2473 250 2538 demicum
274 2473 514 2560 pertimuissem
536 2495 595 2540 nec
624 2475 694 2540 sinc
717 2475 782 2539 ista
800 2473 1011 2557 philosophia
1034 2472 1104 2537 rhe-

91 2565 195 2626 torem
220 2562 366 2647 quamvis
391 2563 607 2649 eloquentem,
637 2584 741 2647 neque
765 2564 851 2627 enim
873 2562 1005 2626 flumine
1029 2581 1104 2625 con-

90 2651 204 2716 turbor
222 2651 368 2716 inanium
387 2652 557 2716 verborum
577 2673 638 2717 nec
657 2651 840 2716 subtilitate
862 2650 1105 2733 sententiarum,

59 2792 61 2797 ,
90 2739 117 2802 si
145 2740 303 2804 orationis
331 2743 380 2805 est
413 2740 550 2805 siccitas.
595 2739 644 2804 Tn
673 2743 795 2824 autem,
829 2737 939 2824 Cotta,
967 2744 1104 2822 utraque

89 2847 123 2889 re
147 2827 293 2911 valuisti3
325 2850 445 2893 corona
468 2829 530 2893 tibi
554 2830 585 2893 et
607 2828 729 2894 indices
754 2827 931 2893 defuerunt.
977 2825 1040 2891 Sed
1063 2827 1104 2891 ad

89 2915 154 2978 ista
188 2914 283 2999 alias,
321 2939 406 2981 nunc
438 2916 615 3001 Lucilium,
653 2919 681 2982 si
712 2917 776 3001 ipsi
809 2914 1012 2981 commodum
1046 2917 1104 2999 est,

89 3002 268 3068 audiamus.
322 3003 405 3068 Turn
441 3004 576 3070 Balbus:
616 3005 764 3069 Eundem
802 3004 951 3088 equidem
993 3004 1104 3069 malim
1123 3016 1153 3071 2·

89 3091 198 3156 audire
223 3089 368 3176 Cottam,
396 3093 485 3175 dum,
515 3115 578 3176 que
601 3093 787 3176 eloquentia
809 3094 910 3158 falsos
934 3093 1011 3158 deos
1035 3114 1105 3158 sus·

89 3180 178 3264 tulit,
206 3181 319 3245 eadem
345 3204 440 3247 veros
470 3182 610 3248 inducet.
655 3182 717 3246 nst
745 3182 830 3246 enim
859 3185 891 3247 et
917 3181 1068 3266 philosop

88 3273 121 3332 et
145 3270 306 3353 pontificis
330 3275 364 3335 et
383 3269 498 3336 Cottae
522 3271 561 3334 de
581 3271 630 3335 dis
649 3271 878 3336 inmortalibus
897 3270 1018 3336 habere
1036 3290 1080 3334 no

88 3364 252 3423 errantem
275 3362 308 3424 et
330 3380 456 3444 vagam,
479 3363 517 3423 ut
537 3359 734 3444 Academici,
756 3360 821 3444 sed,
842 3363 881 3424 ut
902 3359 1018 3444 nostri,
1040 3378 1057 3424 s

88 3444 188 3510 bilem
216 3455 401 3532 certamque
430 3448 631 3515 sententiam.
676 3446 763 3514 Nam
790 3445 988 3541 contmE'
