2476 3848
539 167 781 231 -468-

150 329 328 395 tltctemitet
345 328 486 409 aucense,
509 327 538 408 lo
561 327 721 410 proteltiert
744 345 773 390 er
792 343 880 406 qeqen
899 325 970 406 tide
992 327 1073 406 [purte
1092 326 1168 392 tter:

150 418 299 498 urteituuq
323 418 400 482 ciues
429 416 626 498 phitoiophie,
654 416 698 480 tie
725 432 782 480 cur
809 414 929 496 traicit
957 415 1169 498 accessistis,

150 506 224 586 nicht
242 505 402 587 getthaim
426 505 586 584 qeuottiqt
609 505 709 585 mette,
732 504 799 568 mett
820 503 857 582 lie
880 522 918 567 cu
941 503 1002 584 itte
1022 505 1170 570 detenter

151 596 222 676 [pote
246 595 486 675 hutottetunqen
509 593 591 671 [tede.
636 593 705 658 lter
727 591 775 673 lidi
799 609 849 671 sut
872 592 1021 656 atatemie
1043 592 1169 670 tetenut,

152 681 222 761 mut
246 683 315 748 eheu
340 684 373 747 tu
400 684 454 747 beu
480 682 589 762 hatten
612 681 682 746 utet
704 679 900 762 dottolopten
927 699 961 761 qu
983 682 1079 762 paule
1109 682 1171 763 lein

153 771 187 854 (ἱ.
207 771 286 836 cist.
304 768 371 854 10).
415 769 491 849 duct)
514 770 570 834 ἰπὶ
592 788 670 849 mcc,
693 780 776 834 mern
799 787 868 833 mou
887 769 1000 848 cusu,
1023 768 1090 849 curt
1114 772 1170 836 teu

152 878 275 925 acueres
284 858 482 924 distendent
492 858 562 940 qtbe
576 866 608 923 et
618 859 693 925 tetre
703 857 860 938 uastauit.
885 857 951 922 {Itur
966 857 1055 936 tides
1069 858 1171 939 tettan

153 949 198 1028 lie,
222 949 283 1013 tem
308 947 434 1027 Qutreu
456 947 494 1027 lei
517 947 584 1027 teta
603 946 731 1028 &otides
754 945 933 1026 betqemildrt.
970 945 1103 1028 ssuqtetd
1123 949 1170 1012 te:

152 1037 257 1101 tenues
279 1035 323 1116 lte,
347 1033 403 1113 tuh
422 1035 476 1099 tua
499 1035 531 1100 in
550 1035 650 1117 tutem
669 1032 767 1100 &rute
786 1033 1032 1115 Qutrldetutide
1051 1038 1170 1117 qendqe,

152 1142 202 1190 um
226 1128 288 1189 teor
311 1123 404 1189 debeo
427 1123 488 1188 eice
511 1123 606 1205 littere
629 1124 770 1205 tticttuuq
794 1140 828 1203 qu
852 1122 945 1202 geben.

583 1283 743 1292 ———

122 1309 142 1460 11
245 1386 327 1453 (lum
350 1388 472 1451 multae
494 1409 546 1451 res
569 1387 604 1451 in
627 1386 836 1470 philosophia
859 1409 1064 1472 nequaquam
1088 1389 1170 1453 satis

156 1475 260 1540 adhuc
288 1475 468 1559 explicatae
496 1476 574 1559 sint,
601 1478 673 1540 tum
699 1475 914 1560 perdifficilis,
937 1476 1054 1559 Brute,
1084 1477 1171 1560 quod

154 1568 192 1629 tu
215 1564 348 1629 minime
371 1565 512 1649 ignoras,
537 1568 570 1628 et
592 1565 789 1649 perobscura
812 1565 958 1648 quaestio
983 1566 1033 1629 est
1055 1563 1095 1628 de
1112 1585 1170 1628 na-

155 1658 230 1717 tura
259 1653 405 1736 deorum,
433 1675 514 1736 quae
543 1654 640 1718 etad
668 1653 868 1738 agnitionem
896 1652 998 1717 animi
1023 1652 1172 1736 pulcher·

156 1741 240 1804 rima
271 1746 322 1805 est
352 1745 386 1805 et
420 1743 459 1806 ad
494 1743 723 1807 moderandam
754 1741 946 1825 religionem
978 1741 1172 1806 necessaria.

157 1828 206 1893 De
225 1852 288 1913 qua
306 1834 375 1894 tam
396 1831 503 1895 variae
527 1835 605 1895 sunt
622 1830 884 1896 doctissimorum
903 1829 1071 1894 hominum
1089 1833 1174 1894 tam·

158 1940 220 2002 quc
239 1918 458 2001 discrepantes
482 1919 671 2000 sententiae,
695 1922 731 1983 ut
750 1939 869 2002 magno
889 1921 1082 2004 argumento
1101 1939 1173 1983 esse

159 2006 276 2070 debeat
290 2027 422 2071 causam
441 2010 474 2070 et
491 2006 685 2090 principium
702 2006 930 2091 philosophiae
945 2029 1015 2072 esse
1032 2006 1173 2072 inscien-

159 2093 253 2178 tiam,
283 2093 521 2177 prudenterque
555 2095 765 2161 Academicos
794 2118 813 2160 a
840 2096 936 2160 rebus
959 2095 1090 2160 incertis
1118 2095 1174 2159 ad-

160 2182 342 2245 sensionem
365 2182 556 2248 cohibuisse.
602 2183 686 2260 Quid
708 2189 759 2250 est
787 2185 873 2248 enim
900 2185 1084 2248 temeritate
1107 2186 1175 2248 tur-

159 2270 254 2353 pius?
280 2275 337 2336 aut
360 2271 436 2355 quid
459 2275 527 2336 tam
545 2273 755 2338 temerarium
773 2276 904 2358 tamque
927 2273 1100 2356 indignum
1124 2293 1175 2336 sa-

160 2358 280 2442 pientis
308 2361 468 2444 gravitate
498 2363 595 2445 atque
623 2361 808 2426 constantia
834 2383 931 2445 quam
963 2362 1020 2425 aut
1051 2360 1175 2425 falsum

162 2449 282 2513 sentire
310 2451 379 2531 aut,
412 2449 498 2531 quod
525 2471 592 2515 non
619 2451 699 2514 satis
726 2449 895 2533 explorate
917 2453 1105 2533 perceptum
1129 2450 1175 2513 sit

126 2541 195 2607 aet
218 2537 397 2622 cognitum,
426 2536 496 2600 sine
519 2539 586 2602 ulla
609 2538 812 2603 dubitatione
835 2536 1028 2602 defendere?
1074 2535 1176 2602 Velut

161 2625 195 2689 in
218 2625 280 2689 hac
303 2626 491 2708 quaestione
514 2626 677 2711 plerique,
700 2627 787 2710 quod
810 2627 950 2689 maxime
977 2625 1045 2690 veri
1068 2625 1175 2691 simile

162 2718 227 2795 est,
254 2717 286 2776 et
312 2735 375 2796 quo
405 2735 516 2779 omnes
549 2714 628 2778 duce
661 2718 780 2778 natura
807 2715 966 2800 venimus,
999 2713 1076 2779 deos
1104 2735 1177 2780 esse

163 2802 324 2884 dixerunt,
353 2803 499 2867 dubitare
523 2823 557 2866 se
580 2802 793 2888 Protagoras,
814 2802 923 2867 nullos
947 2824 1019 2878 esse
1042 2803 1175 2869 omnino

162 2888 322 2974 Diagoras
345 2889 460 2956 Melius
484 2896 517 2955 et
536 2891 724 2956 Theodorus
748 2889 946 2974 Cyrenaicus
969 2894 1177 2976 putaverunt.

164 2977 226 3054 Qui
254 3001 329 3044 vero
359 2979 434 3044 deos
463 3000 533 3043 esse
557 2979 720 3058 dixerunt,
743 2982 837 3044 tanta
861 2984 938 3045 sunt
960 2981 995 3044 in
1017 2980 1178 3045 varietate

164 3073 196 3128 et
228 3066 443 3152 dissensione,
473 3072 511 3131 ut
543 3090 654 3134 eorum
686 3069 864 3133 molestum
896 3069 941 3133 sit
973 3069 1178 3134 dinumerare

164 3156 350 3221 sententiaa.
396 3156 482 3221 Nam
506 3161 539 3221 et
562 3156 601 3221 dc
619 3157 733 3243 figuris
753 3157 887 3223 deorum
910 3161 944 3221 et
966 3157 1004 3221 de
1027 3156 1109 3221 locis
1130 3161 1179 3222 at·

186 3262 226 3304 ue
259 3242 387 3307 sedibus
416 3247 450 3307 et
478 3247 604 3310 actione
627 3248 713 3310 vitae
746 3246 851 3311 multa
879 3245 1041 3329 dicuntur,
1073 3244 1180 3330 deque

61 3261 214 3480 Ὗε
239 3351 365 3396 summa
387 3331 655 3417 philosophorum
679 3334 880 3399 dissensione
904 3336 1060 3417 certatur3
1091 3335 1182 3418 quod

69 3446 131 3514 „a
151 3397 173 3505 l,
203 3438 239 3480 ro
273 3420 413 3484 maxime
445 3443 513 3486 rem
546 3444 739 3508 causamque
771 3423 929 3507 continet,
957 3424 1067 3488 utrum
1094 3423 1183 3489 nihil

145 3513 264 3598 agant,
288 3508 375 3577 nihil
401 3510 591 3596 moliantur,
613 3514 703 3579 omni
724 3511 892 3580 curatione
915 3515 949 3577 et
971 3511 1182 3579 administra-
