2476 3848
481 177 634 244 -249
682 215 721 226 -

89 339 163 419 bus,
185 337 426 423 peculatoribus
448 338 603 405 hocloco
626 338 845 404 disserendum
868 341 930 422 est,
953 338 1096 423 quinon

90 426 200 491 verbis
224 429 300 491 sunt
318 429 351 490 et
369 426 587 511 disputatione
606 426 884 512 philosophorum,
906 426 963 491 sed
980 426 1095 492 vinclis

90 517 126 578 ct
148 535 275 578 carcere
295 513 469 599 fatigandi,
491 515 547 578 sed
569 514 648 579 haec
671 514 922 597 consideremus,
945 535 1027 597 quae
1048 514 1095 578 fa-

90 601 181 667 ciunt
202 601 240 684 ii,
267 601 323 685 qui
344 601 506 666 hahentur
535 601 621 667 boni.
665 601 700 667 L.
722 601 843 667 Minuci
864 601 981 684 Basili,
1009 602 1095 666 locu·

90 688 190 774 pletis
212 688 363 772 hominis,
385 690 505 754 falsum
525 692 755 754 testamentum
774 689 904 773 quidam
923 711 940 754 a
958 689 1095 754 Graecia

89 775 230 842 Romam
249 777 437 841 attulerrmt.
474 775 566 852 Quod
584 799 646 861 quo
665 777 792 842 facilius
807 777 999 861 optinerent,
1019 777 1094 842 scri·

89 868 226 949 pserunt
247 863 380 929 heredes
403 886 511 929 secum
533 864 576 930 M.
592 864 746 930 Crassum
768 869 802 930 et
823 863 859 940 Q.
875 864 1094 947 Hortensium,

90 952 239 1017 homines
262 949 404 1016 eiusdem
422 953 539 1017 aetatis
559 953 818 1037 potentissimos,
840 952 895 1036 qui
918 974 990 1017 cum
1013 952 1095 1016 illud

89 1039 212 1105 falsum
239 1061 309 1104 esse
337 1039 590 1124 suspicarentur,
618 1041 681 1105 sibi
707 1044 816 1106 autem
842 1040 964 1105 nullius
987 1044 1095 1105 essent

91 1127 213 1192 conscii
230 1128 352 1211 culpae,
375 1127 472 1192 alieni
493 1127 647 1193 facinoris
670 1128 894 1193 munusculum
915 1149 982 1193 non
1003 1150 1095 1211 repu-

91 1215 268 1281 diaverunt.
301 1214 385 1290 Quid
403 1216 502 1300 ergo?
521 1216 609 1280 satin
626 1219 676 1280 est
694 1217 764 1298 hoc,
782 1220 819 1281 ut
836 1238 903 1281 non
920 1215 1094 1299 deliquisse

88 1302 282 1368 videantur?
313 1302 396 1367 Mihi
415 1303 542 1386 quidem
560 1324 626 1367 non
645 1303 781 1384 videtur,
804 1324 998 1387 quamquam
1016 1304 1094 1368 alte·

89 1412 164 1454 rum
191 1390 301 1454 vivum
328 1391 448 1474 amavi,
479 1391 617 1454 alterum
649 1411 714 1454 non
742 1390 794 1454 odi
820 1394 997 1472 mortuum3
1029 1391 1094 1474 sed,
1112 1407 1149 1456 74

91 1499 165 1543 cum
187 1476 317 1542 Basilus
338 1477 381 1543 M.
405 1475 561 1561 Satrium,
584 1477 704 1542 sororis
727 1477 838 1559 filium,
860 1499 978 1541 nomen
1001 1499 1094 1541 suum

92 1565 176 1629 ferre
204 1565 361 1630 voluisset
388 1587 523 1647 eumque
553 1565 683 1630 fecisset
713 1564 863 1628 heredem
894 1564 992 1645 (hunc
1023 1565 1093 1629 dico

90 1656 265 1738 patronum
285 1653 357 1739 agri
374 1652 484 1718 Piceni
502 1657 535 1718 et
553 1650 678 1736 Sabini3
701 1673 720 1717 o
738 1656 866 1735 turpem
885 1656 997 1716 notam
1014 1655 1094 1715 tem-

90 1762 207 1826 porum
230 1743 361 1821 [nomen
381 1739 566 1825 illorum]!),
593 1744 751 1805 nouerat
774 1760 912 1824 aequum
933 1739 1093 1823 principes

91 1828 171 1893 civis
202 1850 271 1892 rem
298 1828 431 1913 hahere,
463 1829 504 1893 ad
532 1826 673 1893 Satrium
704 1828 787 1892 nihil
818 1831 946 1911 praeter
976 1848 1094 1891 nomen

91 1916 267 2000 pervenire.
311 1915 455 1998 Etenim,
483 1916 511 1980 si
532 1916 574 2000 is,
601 1916 656 2000 qui
682 1938 748 1980 non
775 1915 915 1981 defendit
943 1914 1093 1979 iniuriam

91 2004 487 2156 llllllllffiull
502 2003 975 2157 llltlsllllffllult
988 2003 1094 2155 llll

91 2200 158 2244 non
179 2179 322 2263 repellit,
341 2114 408 2243 ἐξά
431 2180 529 2244 etiam
552 2180 684 2245 adiuvat
706 2114 878 2244 iniuriariil
922 2179 1005 2244 Mihi
1027 2179 1091 2263 qui·

92 2265 164 2331 dem
192 2266 290 2330 etiam
317 2289 412 2331 verae
438 2267 634 2332 hereditates
660 2289 726 2332 non
752 2268 906 2332 honestae
935 2267 1094 2351 videntur,

93 2353 122 2418 si
145 2357 220 2418 sunt
242 2354 415 2418 malitiosis
438 2355 621 2438 blanditiis,
648 2354 827 2420 officiorum
854 2376 920 2419 non
946 2355 1094 2438 veritate,

93 2441 150 2505 sed
182 2441 387 2506 simulatione
419 2442 592 2525 quaesitae.
645 2441 748 2525 Atqui
778 2442 814 2506 in
844 2442 965 2506 talibus
997 2442 1093 2505 rebus

92 2529 181 2594 aliud
193 2529 274 2593 utile
287 2529 458 2612 interdum,
472 2529 560 2593 aliud
572 2529 743 2593 honestum
753 2529 855 2594 videri
869 2528 960 2592 solet.
982 2527 1093 2609 Falso,
1104 2544 1137 2592 75

91 2637 168 2681 nam
186 2617 297 2681 eadem
315 2617 479 2700 utilitatis,
499 2638 579 2700 quae
592 2615 783 2699 honestatis,
804 2620 854 2680 est
866 2615 987 2698 regula.
1020 2612 1082 2688 Qui
1090 2621 1149 2691 (75)

90 2703 154 2768 hoc
175 2725 240 2768 non
263 2704 446 2789 perviderit,
470 2704 511 2768 ab
533 2704 595 2769 hoc
614 2705 706 2769 nulla
722 2703 812 2768 fraus
831 2704 945 2785 aberit,
967 2701 1093 2766 nullum

91 2789 225 2856 facinus.
270 2790 322 2856 Sic
345 2792 430 2856 enim
453 2791 613 2876 cogitans:
641 2791 713 2855 ‘Est
739 2791 824 2856 istuc
847 2789 975 2873 quidem
997 2789 1093 2853 hone·

93 2882 192 2960 stum,
228 2901 339 2943 verum
376 2879 437 2944 hoc
470 2878 612 2963 expedit'
644 2901 695 2943 res
728 2901 748 2944 a
777 2882 895 2943 natura
926 2876 1092 2959 copulatas
1218 2892 1220 2896 ‘

92 2965 223 3030 audebit
246 2987 353 3031 errore
377 2967 537 3048 divellere,
560 2966 615 3050 qui
636 2966 709 3031 fons
733 2971 783 3031 est
802 2965 974 3048 fraudium,
996 2965 1093 3029 male-

91 3053 246 3137 ficiorum,
269 3054 424 3119 scelerum
448 3054 599 3119 omnium.
643 3052 766 3139 Itaque,
789 3053 818 3119 si
839 3053 889 3119 vir
911 3054 1015 3118 bonus
1037 3053 1092 3118 ha·
1106 3053 1145 3118 19

91 3140 168 3206 beat
189 3142 273 3207 hanc
295 3141 376 3225 vim,
401 3146 451 3224 ut,
479 3141 506 3205 si
534 3141 644 3227 digitis
668 3142 900 3226 concrepuerit,
926 3141 1032 3225 possit
1059 3142 1094 3205 in

91 3227 301 3313 locupletium
325 3233 521 3295 testamenta
547 3251 666 3294 nomen
692 3229 759 3294 eius
786 3230 946 3314 inrepere,
972 3229 1034 3294 hac
1060 3229 1094 3293 vi

90 3337 156 3381 non
170 3321 290 3401 utatur,
308 3339 348 3382 ne
368 3317 396 3381 si
410 3317 613 3400 exploratum
628 3317 756 3402 quidem
773 3317 893 3383 habeat
910 3317 945 3381 id
962 3317 1092 3382 omnino

90 3404 251 3470 neminem
275 3426 428 3488 umquam
451 3404 696 3489 suspicaturum.
737 3404 783 3470 At
805 3407 898 3471 dares
921 3405 1005 3470 hanc
1027 3405 1094 3471 vim
1126 3470 1129 3475 .

89 3488 134 3555 M.
147 3489 274 3577 Crasso,
293 3497 330 3556 ut
345 3492 521 3580 digitorum
539 3493 744 3578 percussione
762 3494 856 3559 heres
869 3496 981 3579 posset
995 3492 1095 3577 scrip,
1104 3428 1184 3634 Ι
