<?xml version="1.0" encoding="UTF-8"?>
<!DOCTYPE html PUBLIC "-//W3C//DTD XHTML 1.0 Transitional//EN"
    "http://www.w3.org/TR/xhtml1/DTD/xhtml1-transitional.dtd">
<html xmlns="http://www.w3.org/1999/xhtml" xml:lang="en" lang="en">
 <head>
  <title>
</title>
<meta http-equiv="Content-Type" content="text/html;charset=utf-8" />
  <meta name='ocr-system' content='tesseract 3.04.00' />
  <meta name='ocr-capabilities' content='ocr_page ocr_carea ocr_par ocr_line ocrx_word'/>
</head>
<body>
  <div class='ocr_page' id='page_1' title='image "./cicerosphilosop01cicegoog_0413.png"; bbox 0 0 2476 3848; ppageno 0'>
   <div class='ocr_carea' id='block_1_1' title="bbox 561 143 799 210">
    <p class='ocr_par' dir='ltr' id='par_1_1' title="bbox 561 143 799 210">
     <span class='ocr_line' id='line_1_1' title="bbox 561 143 799 210; baseline 0.004 -1"><span class='ocrx_word' id='word_1_1' title='bbox 561 143 799 210; x_wconf 79' lang='lat'><strong>-396-</strong></span> 
     </span>
    </p>
   </div>
   <div class='ocr_carea' id='block_1_2' title="bbox 125 306 1192 3294">
    <p class='ocr_par' dir='ltr' id='par_1_2' title="bbox 125 306 1192 3294">
     <span class='ocr_line' id='line_1_2' title="bbox 178 306 1186 390; baseline 0.001 -18"><span class='ocrx_word' id='word_1_2' title='bbox 178 313 215 373; x_wconf 93' lang='lat' dir='ltr'><strong>ut</strong></span> <span class='ocrx_word' id='word_1_3' title='bbox 242 308 376 372; x_wconf 84' lang='lat' dir='ltr'><strong>vidisset</strong></span> <span class='ocrx_word' id='word_1_4' title='bbox 403 309 435 371; x_wconf 91' lang='lat' dir='ltr'><strong>et</strong></span> <span class='ocrx_word' id='word_1_5' title='bbox 463 306 671 370; x_wconf 75' lang='lat' dir='ltr'><strong>salutavisset</strong></span> <span class='ocrx_word' id='word_1_6' title='bbox 697 306 945 390; x_wconf 84' lang='lat' dir='ltr'><strong>honorificisque</strong></span> <span class='ocrx_word' id='word_1_7' title='bbox 972 306 1078 370; x_wconf 82' lang='lat' dir='ltr'><strong>verbis</strong></span> <span class='ocrx_word' id='word_1_8' title='bbox 1109 329 1186 390; x_wconf 90' lang='lat' dir='ltr'><strong>pro·</strong></span> 
     </span>
     <span class='ocr_line' id='line_1_3' title="bbox 180 393 1187 479; baseline 0 -19"><span class='ocrx_word' id='word_1_9' title='bbox 180 399 306 460; x_wconf 88' lang='lat' dir='ltr'><strong>secutus</strong></span> <span class='ocrx_word' id='word_1_10' title='bbox 329 397 415 460; x_wconf 88' lang='lat' dir='ltr'><strong>esset</strong></span> <span class='ocrx_word' id='word_1_11' title='bbox 438 395 634 477; x_wconf 75' lang='lat' dir='ltr'><strong>molesteque</strong></span> <span class='ocrx_word' id='word_1_12' title='bbox 658 415 691 458; x_wconf 90' lang='lat' dir='ltr'><strong>se</strong></span> <span class='ocrx_word' id='word_1_13' title='bbox 722 393 855 459; x_wconf 85' lang='lat' dir='ltr'><strong>dixisset</strong></span> <span class='ocrx_word' id='word_1_14' title='bbox 878 394 974 477; x_wconf 87' lang='lat' dir='ltr'><strong>ferre,</strong></span> <span class='ocrx_word' id='word_1_15' title='bbox 1001 393 1087 479; x_wconf 90' lang='lat' dir='ltr'><strong>quod</strong></span> <span class='ocrx_word' id='word_1_16' title='bbox 1110 415 1187 460; x_wconf 91' lang='lat' dir='ltr'><strong>eum</strong></span> 
     </span>
     <span class='ocr_line' id='line_1_4' title="bbox 178 480 1186 567; baseline -0.001 -18"><span class='ocrx_word' id='word_1_17' title='bbox 178 506 243 549; x_wconf 90' lang='lat' dir='ltr'><strong>non</strong></span> <span class='ocrx_word' id='word_1_18' title='bbox 261 486 371 567; x_wconf 87' lang='lat' dir='ltr'><strong>posset</strong></span> <span class='ocrx_word' id='word_1_19' title='bbox 389 481 512 565; x_wconf 90' lang='lat' dir='ltr'><strong>audire,</strong></span> <span class='ocrx_word' id='word_1_20' title='bbox 531 485 565 546; x_wconf 90' lang='lat' dir='ltr'><strong>at</strong></span> <span class='ocrx_word' id='word_1_21' title='bbox 581 481 650 546; x_wconf 90' lang='lat' dir='ltr'><strong>ille:</strong></span> <span class='ocrx_word' id='word_1_22' title='bbox 675 480 742 545; x_wconf 75' lang='lat' dir='ltr'><strong>‘Tu</strong></span> <span class='ocrx_word' id='word_1_23' title='bbox 760 480 879 564; x_wconf 83' lang='lat' dir='ltr'><strong>rero&#39;,</strong></span> <span class='ocrx_word' id='word_1_24' title='bbox 897 482 1016 565; x_wconf 87' lang='lat' dir='ltr'><strong>inquit,</strong></span> <span class='ocrx_word' id='word_1_25' title='bbox 1040 481 1186 566; x_wconf 75' lang='lat' dir='ltr'><strong>‘potes,</strong></span> 
     </span>
     <span class='ocr_line' id='line_1_5' title="bbox 177 569 1186 653; baseline 0 -17"><span class='ocrx_word' id='word_1_26' title='bbox 177 572 516 653; x_wconf 85' lang='lat' dir='ltr'><strong>neccommittam,</strong></span> <span class='ocrx_word' id='word_1_27' title='bbox 546 573 587 633; x_wconf 94' lang='lat' dir='ltr'><strong>ut</strong></span> <span class='ocrx_word' id='word_1_28' title='bbox 610 569 718 635; x_wconf 89' lang='lat' dir='ltr'><strong>dolor</strong></span> <span class='ocrx_word' id='word_1_29' title='bbox 745 570 920 652; x_wconf 89' lang='lat' dir='ltr'><strong>corporis</strong></span> <span class='ocrx_word' id='word_1_30' title='bbox 948 569 1114 650; x_wconf 85' lang='lat' dir='ltr'><strong>efficiat,</strong></span> <span class='ocrx_word' id='word_1_31' title='bbox 1143 577 1186 636; x_wconf 89' lang='lat' dir='ltr'><strong>ut</strong></span> 
     </span>
     <span class='ocr_line' id='line_1_6' title="bbox 177 656 1185 743; baseline 0 -19"><span class='ocrx_word' id='word_1_32' title='bbox 177 660 327 724; x_wconf 84' lang='lat' dir='ltr'><strong>frustra</strong></span> <span class='ocrx_word' id='word_1_33' title='bbox 348 662 481 722; x_wconf 90' lang='lat' dir='ltr'><strong>tantus</strong></span> <span class='ocrx_word' id='word_1_34' title='bbox 504 658 562 721; x_wconf 83' lang='lat' dir='ltr'><strong>vir</strong></span> <span class='ocrx_word' id='word_1_35' title='bbox 586 657 630 721; x_wconf 89' lang='lat' dir='ltr'><strong>ad</strong></span> <span class='ocrx_word' id='word_1_36' title='bbox 652 678 708 721; x_wconf 88' lang='lat' dir='ltr'><strong>me</strong></span> <span class='ocrx_word' id='word_1_37' title='bbox 731 656 903 722; x_wconf 84' lang='lat' dir='ltr'><strong>venerit&#39;</strong></span> <span class='ocrx_word' id='word_1_38' title='bbox 939 656 1053 743; x_wconf 88' lang='lat' dir='ltr'><strong>Itaque</strong></span> <span class='ocrx_word' id='word_1_39' title='bbox 1073 682 1185 724; x_wconf 78' lang='lat' dir='ltr'><strong>narra·</strong></span> 
     </span>
     <span class='ocr_line' id='line_1_7' title="bbox 179 744 1185 831; baseline 0 -20"><span class='ocrx_word' id='word_1_40' title='bbox 179 749 236 812; x_wconf 84' lang='lat' dir='ltr'><strong>bat</strong></span> <span class='ocrx_word' id='word_1_41' title='bbox 264 769 336 811; x_wconf 91' lang='lat' dir='ltr'><strong>eum</strong></span> <span class='ocrx_word' id='word_1_42' title='bbox 364 746 506 831; x_wconf 80' lang='lat' dir='ltr'><strong>graviter</strong></span> <span class='ocrx_word' id='word_1_43' title='bbox 534 749 566 809; x_wconf 94' lang='lat' dir='ltr'><strong>et</strong></span> <span class='ocrx_word' id='word_1_44' title='bbox 593 745 721 827; x_wconf 84' lang='lat' dir='ltr'><strong>copiose</strong></span> <span class='ocrx_word' id='word_1_45' title='bbox 744 746 782 810; x_wconf 91' lang='lat' dir='ltr'><strong>de</strong></span> <span class='ocrx_word' id='word_1_46' title='bbox 808 744 871 810; x_wconf 91' lang='lat' dir='ltr'><strong>hoc</strong></span> <span class='ocrx_word' id='word_1_47' title='bbox 894 746 978 829; x_wconf 90' lang='lat' dir='ltr'><strong>ipso,</strong></span> <span class='ocrx_word' id='word_1_48' title='bbox 1004 746 1089 811; x_wconf 89' lang='lat' dir='ltr'><strong>nihil</strong></span> <span class='ocrx_word' id='word_1_49' title='bbox 1112 769 1185 812; x_wconf 88' lang='lat' dir='ltr'><strong>esse</strong></span> 
     </span>
     <span class='ocr_line' id='line_1_8' title="bbox 178 833 1186 919; baseline 0.001 -19"><span class='ocrx_word' id='word_1_50' title='bbox 178 836 312 912; x_wconf 88' lang='lat' dir='ltr'><strong>bonum,</strong></span> <span class='ocrx_word' id='word_1_51' title='bbox 335 835 399 898; x_wconf 88' lang='lat' dir='ltr'><strong>nisi</strong></span> <span class='ocrx_word' id='word_1_52' title='bbox 421 833 506 917; x_wconf 92' lang='lat' dir='ltr'><strong>quod</strong></span> <span class='ocrx_word' id='word_1_53' title='bbox 528 836 614 897; x_wconf 87' lang='lat' dir='ltr'><strong>esset</strong></span> <span class='ocrx_word' id='word_1_54' title='bbox 635 833 821 914; x_wconf 87' lang='lat' dir='ltr'><strong>honestum,</strong></span> <span class='ocrx_word' id='word_1_55' title='bbox 844 834 1016 900; x_wconf 81' lang='lat' dir='ltr'><strong>cubantem</strong></span> <span class='ocrx_word' id='word_1_56' title='bbox 1039 835 1186 919; x_wconf 85' lang='lat' dir='ltr'><strong>disputa-</strong></span> 
     </span>
     <span class='ocr_line' id='line_1_9' title="bbox 178 920 1184 1006; baseline 0.003 -20"><span class='ocrx_word' id='word_1_57' title='bbox 178 924 278 1005; x_wconf 87' lang='lat' dir='ltr'><strong>visse,</strong></span> <span class='ocrx_word' id='word_1_58' title='bbox 310 942 444 1004; x_wconf 90' lang='lat' dir='ltr'><strong>cumque</strong></span> <span class='ocrx_word' id='word_1_59' title='bbox 476 921 568 1004; x_wconf 89' lang='lat' dir='ltr'><strong>quasi</strong></span> <span class='ocrx_word' id='word_1_60' title='bbox 594 920 682 984; x_wconf 86' lang='lat' dir='ltr'><strong>faces</strong></span> <span class='ocrx_word' id='word_1_61' title='bbox 715 922 744 985; x_wconf 93' lang='lat' dir='ltr'><strong>ei</strong></span> <span class='ocrx_word' id='word_1_62' title='bbox 776 921 895 987; x_wconf 88' lang='lat' dir='ltr'><strong>doloris</strong></span> <span class='ocrx_word' id='word_1_63' title='bbox 928 923 1184 1006; x_wconf 82' lang='lat' dir='ltr'><strong>admoverentur,</strong></span> 
     </span>
     <span class='ocr_line' id='line_1_10' title="bbox 179 1007 1183 1096; baseline 0.003 -22"><span class='ocrx_word' id='word_1_64' title='bbox 179 1031 273 1093; x_wconf 85' lang='lat' dir='ltr'><strong>saepe</strong></span> <span class='ocrx_word' id='word_1_65' title='bbox 305 1009 435 1073; x_wconf 85' lang='lat' dir='ltr'><strong>dixisse:</strong></span> <span class='ocrx_word' id='word_1_66' title='bbox 477 1007 602 1072; x_wconf 72' lang='lat' dir='ltr'><strong>‘Nihil</strong></span> <span class='ocrx_word' id='word_1_67' title='bbox 634 1009 732 1094; x_wconf 83' lang='lat' dir='ltr'><strong>agis,</strong></span> <span class='ocrx_word' id='word_1_68' title='bbox 768 1010 891 1076; x_wconf 82' lang='lat' dir='ltr'><strong>dolor!</strong></span> <span class='ocrx_word' id='word_1_69' title='bbox 923 1013 1095 1096; x_wconf 86' lang='lat' dir='ltr'><strong>quamvis</strong></span> <span class='ocrx_word' id='word_1_70' title='bbox 1127 1013 1183 1077; x_wconf 90' lang='lat' dir='ltr'><strong>sis</strong></span> 
     </span>
     <span class='ocr_line' id='line_1_11' title="bbox 125 1098 1185 1268; baseline 0.002 -18"><span class='ocrx_word' id='word_1_71' title='bbox 125 1098 1185 1268; x_wconf 57' lang='lat' dir='ltr'><strong>am⁰tibialitilthlttttltiltibitibi</strong></span> 
     </span>
     <span class='ocr_line' id='line_1_12' title="bbox 126 1241 1183 1357; baseline 0.005 -22"><span class='ocrx_word' id='word_1_72' title='bbox 126 1241 159 1290; x_wconf 57' lang='lat'><strong>⁶⁹</strong></span> <span class='ocrx_word' id='word_1_73' title='bbox 181 1273 282 1338; x_wconf 91' lang='lat' dir='ltr'><strong>dendo</strong></span> <span class='ocrx_word' id='word_1_74' title='bbox 312 1273 395 1338; x_wconf 90' lang='lat' dir='ltr'><strong>fiunt</strong></span> <span class='ocrx_word' id='word_1_75' title='bbox 422 1273 519 1336; x_wconf 83' lang='lat' dir='ltr'><strong>etiam</strong></span> <span class='ocrx_word' id='word_1_76' title='bbox 544 1272 740 1338; x_wconf 87' lang='lat' dir='ltr'><strong>tolerabiles.</strong></span> <span class='ocrx_word' id='word_1_77' title='bbox 776 1273 980 1355; x_wconf 86' lang='lat' dir='ltr'><strong>Videmusne,</strong></span> <span class='ocrx_word' id='word_1_78' title='bbox 998 1272 1082 1355; x_wconf 88' lang='lat' dir='ltr'><strong>apud</strong></span> <span class='ocrx_word' id='word_1_79' title='bbox 1100 1295 1183 1357; x_wconf 86' lang='lat' dir='ltr'><strong>quos</strong></span> 
     </span>
     <span class='ocr_line' id='line_1_13' title="bbox 179 1361 1184 1446; baseline 0.004 -23"><span class='ocrx_word' id='word_1_80' title='bbox 179 1382 287 1426; x_wconf 90' lang='lat' dir='ltr'><strong>eorum</strong></span> <span class='ocrx_word' id='word_1_81' title='bbox 323 1361 483 1438; x_wconf 81' lang='lat' dir='ltr'><strong>ludorum,</strong></span> <span class='ocrx_word' id='word_1_82' title='bbox 521 1361 575 1444; x_wconf 92' lang='lat' dir='ltr'><strong>qui</strong></span> <span class='ocrx_word' id='word_1_83' title='bbox 611 1362 754 1445; x_wconf 87' lang='lat' dir='ltr'><strong>gymnici</strong></span> <span class='ocrx_word' id='word_1_84' title='bbox 789 1362 1010 1443; x_wconf 85' lang='lat' dir='ltr'><strong>nominantur,</strong></span> <span class='ocrx_word' id='word_1_85' title='bbox 1045 1381 1184 1446; x_wconf 83' lang='lat' dir='ltr'><strong>magnus</strong></span> 
     </span>
     <span class='ocr_line' id='line_1_14' title="bbox 178 1448 1183 1533; baseline 0.002 -21"><span class='ocrx_word' id='word_1_86' title='bbox 178 1449 280 1513; x_wconf 89' lang='lat' dir='ltr'><strong>honos</strong></span> <span class='ocrx_word' id='word_1_87' title='bbox 304 1448 361 1532; x_wconf 92' lang='lat' dir='ltr'><strong>sit,</strong></span> <span class='ocrx_word' id='word_1_88' title='bbox 382 1449 507 1513; x_wconf 89' lang='lat' dir='ltr'><strong>nullum</strong></span> <span class='ocrx_word' id='word_1_89' title='bbox 531 1450 571 1512; x_wconf 86' lang='lat' dir='ltr'><strong>ab</strong></span> <span class='ocrx_word' id='word_1_90' title='bbox 594 1449 649 1532; x_wconf 86' lang='lat' dir='ltr'><strong>iis,</strong></span> <span class='ocrx_word' id='word_1_91' title='bbox 676 1450 732 1533; x_wconf 87' lang='lat' dir='ltr'><strong>qui</strong></span> <span class='ocrx_word' id='word_1_92' title='bbox 754 1448 843 1512; x_wconf 89' lang='lat' dir='ltr'><strong>inid</strong></span> <span class='ocrx_word' id='word_1_93' title='bbox 871 1452 1032 1512; x_wconf 90' lang='lat' dir='ltr'><strong>certamen</strong></span> <span class='ocrx_word' id='word_1_94' title='bbox 1054 1449 1183 1514; x_wconf 86' lang='lat' dir='ltr'><strong>descen-</strong></span> 
     </span>
     <span class='ocr_line' id='line_1_15' title="bbox 178 1535 1192 1620; baseline 0.001 -20"><span class='ocrx_word' id='word_1_95' title='bbox 178 1535 269 1620; x_wconf 89' lang='lat' dir='ltr'><strong>dant,</strong></span> <span class='ocrx_word' id='word_1_96' title='bbox 291 1536 428 1601; x_wconf 83' lang='lat' dir='ltr'><strong>devitari</strong></span> <span class='ocrx_word' id='word_1_97' title='bbox 450 1537 615 1602; x_wconf 79' lang='lat' dir='ltr'><strong>dolorem?</strong></span> <span class='ocrx_word' id='word_1_98' title='bbox 644 1537 728 1620; x_wconf 86' lang='lat' dir='ltr'><strong>apud</strong></span> <span class='ocrx_word' id='word_1_99' title='bbox 756 1557 836 1620; x_wconf 90' lang='lat' dir='ltr'><strong>quos</strong></span> <span class='ocrx_word' id='word_1_100' title='bbox 859 1537 967 1599; x_wconf 88' lang='lat' dir='ltr'><strong>autem</strong></span> <span class='ocrx_word' id='word_1_101' title='bbox 989 1536 1127 1600; x_wconf 85' lang='lat' dir='ltr'><strong>venandi</strong></span> <span class='ocrx_word' id='word_1_102' title='bbox 1150 1543 1192 1612; x_wconf 65' lang='lat' dir='ltr'><strong>ec,</strong></span> 
     </span>
     <span class='ocr_line' id='line_1_16' title="bbox 178 1624 1184 1708; baseline 0.003 -21"><span class='ocrx_word' id='word_1_103' title='bbox 178 1625 343 1708; x_wconf 87' lang='lat' dir='ltr'><strong>equitandi</strong></span> <span class='ocrx_word' id='word_1_104' title='bbox 379 1625 450 1689; x_wconf 87' lang='lat' dir='ltr'><strong>laus</strong></span> <span class='ocrx_word' id='word_1_105' title='bbox 488 1625 593 1708; x_wconf 82' lang='lat' dir='ltr'><strong>viget,</strong></span> <span class='ocrx_word' id='word_1_106' title='bbox 631 1625 686 1708; x_wconf 90' lang='lat' dir='ltr'><strong>qui</strong></span> <span class='ocrx_word' id='word_1_107' title='bbox 721 1624 809 1688; x_wconf 84' lang='lat' dir='ltr'><strong>hanc·</strong></span> <span class='ocrx_word' id='word_1_108' title='bbox 837 1626 1021 1706; x_wconf 79' lang='lat' dir='ltr'><strong>petessant,</strong></span> <span class='ocrx_word' id='word_1_109' title='bbox 1056 1625 1184 1690; x_wconf 91' lang='lat' dir='ltr'><strong>nullum</strong></span> 
     </span>
     <span class='ocr_line' id='line_1_17' title="bbox 171 1710 1184 1798; baseline 0.001 -23"><span class='ocrx_word' id='word_1_110' title='bbox 171 1713 308 1798; x_wconf 77' lang='lat' dir='ltr'><strong>&#39;fugiunt</strong></span> <span class='ocrx_word' id='word_1_111' title='bbox 329 1712 482 1778; x_wconf 89' lang='lat' dir='ltr'><strong>dolorem.</strong></span> <span class='ocrx_word' id='word_1_112' title='bbox 527 1711 611 1787; x_wconf 85' lang='lat' dir='ltr'><strong>Quid</strong></span> <span class='ocrx_word' id='word_1_113' title='bbox 634 1713 671 1775; x_wconf 92' lang='lat' dir='ltr'><strong>de</strong></span> <span class='ocrx_word' id='word_1_114' title='bbox 693 1712 813 1776; x_wconf 91' lang='lat' dir='ltr'><strong>nostris</strong></span> <span class='ocrx_word' id='word_1_115' title='bbox 836 1710 1082 1795; x_wconf 88' lang='lat' dir='ltr'><strong>ambitionibus,</strong></span> <span class='ocrx_word' id='word_1_116' title='bbox 1105 1712 1184 1796; x_wconf 90' lang='lat' dir='ltr'><strong>quid</strong></span> 
     </span>
     <span class='ocr_line' id='line_1_18' title="bbox 179 1799 1184 1884; baseline 0 -20"><span class='ocrx_word' id='word_1_117' title='bbox 179 1800 216 1864; x_wconf 92' lang='lat' dir='ltr'><strong>de</strong></span> <span class='ocrx_word' id='word_1_118' title='bbox 240 1800 418 1884; x_wconf 87' lang='lat' dir='ltr'><strong>cupiditate</strong></span> <span class='ocrx_word' id='word_1_119' title='bbox 439 1800 599 1864; x_wconf 90' lang='lat' dir='ltr'><strong>honorum</strong></span> <span class='ocrx_word' id='word_1_120' title='bbox 621 1799 756 1882; x_wconf 81' lang='lat' dir='ltr'><strong>loquar?</strong></span> <span class='ocrx_word' id='word_1_121' title='bbox 780 1821 861 1884; x_wconf 85' lang='lat' dir='ltr'><strong>quae</strong></span> <span class='ocrx_word' id='word_1_122' title='bbox 884 1799 1015 1864; x_wconf 89' lang='lat' dir='ltr'><strong>flamma</strong></span> <span class='ocrx_word' id='word_1_123' title='bbox 1038 1801 1101 1882; x_wconf 84' lang='lat' dir='ltr'><strong>est,</strong></span> <span class='ocrx_word' id='word_1_124' title='bbox 1125 1821 1184 1883; x_wconf 90' lang='lat' dir='ltr'><strong>per</strong></span> 
     </span>
     <span class='ocr_line' id='line_1_19' title="bbox 179 1886 1183 1972; baseline 0 -20"><span class='ocrx_word' id='word_1_125' title='bbox 179 1910 275 1972; x_wconf 88' lang='lat' dir='ltr'><strong>quam</strong></span> <span class='ocrx_word' id='word_1_126' title='bbox 302 1909 368 1953; x_wconf 92' lang='lat' dir='ltr'><strong>non</strong></span> <span class='ocrx_word' id='word_1_127' title='bbox 395 1888 594 1952; x_wconf 88' lang='lat' dir='ltr'><strong>cucurrerint</strong></span> <span class='ocrx_word' id='word_1_128' title='bbox 620 1887 657 1968; x_wconf 92' lang='lat' dir='ltr'><strong>ii,</strong></span> <span class='ocrx_word' id='word_1_129' title='bbox 687 1887 741 1970; x_wconf 88' lang='lat' dir='ltr'><strong>qui</strong></span> <span class='ocrx_word' id='word_1_130' title='bbox 765 1886 842 1951; x_wconf 87' lang='lat' dir='ltr'><strong>haec</strong></span> <span class='ocrx_word' id='word_1_131' title='bbox 866 1887 943 1951; x_wconf 91' lang='lat' dir='ltr'><strong>olim</strong></span> <span class='ocrx_word' id='word_1_132' title='bbox 966 1888 1094 1971; x_wconf 91' lang='lat' dir='ltr'><strong>punctis</strong></span> <span class='ocrx_word' id='word_1_133' title='bbox 1118 1889 1183 1952; x_wconf 91' lang='lat' dir='ltr'><strong>sin·</strong></span> 
     </span>
     <span class='ocr_line' id='line_1_20' title="bbox 178 1973 1183 2058; baseline 0.003 -20"><span class='ocrx_word' id='word_1_134' title='bbox 178 1975 262 2058; x_wconf 85' lang='lat' dir='ltr'><strong>gulis</strong></span> <span class='ocrx_word' id='word_1_135' title='bbox 277 1974 496 2058; x_wconf 86' lang='lat' dir='ltr'><strong>colligebant?</strong></span> <span class='ocrx_word' id='word_1_136' title='bbox 528 1973 642 2057; x_wconf 86' lang='lat' dir='ltr'><strong>Itaque</strong></span> <span class='ocrx_word' id='word_1_137' title='bbox 657 1994 782 2058; x_wconf 87' lang='lat' dir='ltr'><strong>semper</strong></span> <span class='ocrx_word' id='word_1_138' title='bbox 797 1974 968 2040; x_wconf 79' lang='lat' dir='ltr'><strong>Africanus</strong></span> <span class='ocrx_word' id='word_1_139' title='bbox 983 1973 1183 2041; x_wconf 80' lang='lat' dir='ltr'><strong>Socraticum</strong></span> 
     </span>
     <span class='ocr_line' id='line_1_21' title="bbox 177 2061 1182 2148; baseline 0.005 -24"><span class='ocrx_word' id='word_1_140' title='bbox 177 2061 422 2143; x_wconf 87' lang='lat' dir='ltr'><strong>Xenophontem</strong></span> <span class='ocrx_word' id='word_1_141' title='bbox 451 2062 486 2125; x_wconf 89' lang='lat' dir='ltr'><strong>in</strong></span> <span class='ocrx_word' id='word_1_142' title='bbox 513 2061 662 2125; x_wconf 89' lang='lat' dir='ltr'><strong>manibus</strong></span> <span class='ocrx_word' id='word_1_143' title='bbox 695 2061 848 2145; x_wconf 85' lang='lat' dir='ltr'><strong>habebat,</strong></span> <span class='ocrx_word' id='word_1_144' title='bbox 881 2065 971 2128; x_wconf 89' lang='lat' dir='ltr'><strong>cuius</strong></span> <span class='ocrx_word' id='word_1_145' title='bbox 1003 2065 1037 2128; x_wconf 94' lang='lat' dir='ltr'><strong>in</strong></span> <span class='ocrx_word' id='word_1_146' title='bbox 1068 2064 1182 2148; x_wconf 89' lang='lat' dir='ltr'><strong>primis</strong></span> 
     </span>
     <span class='ocr_line' id='line_1_22' title="bbox 178 2148 1183 2236; baseline 0.006 -26"><span class='ocrx_word' id='word_1_147' title='bbox 178 2148 333 2212; x_wconf 89' lang='lat' dir='ltr'><strong>laudabat</strong></span> <span class='ocrx_word' id='word_1_148' title='bbox 350 2148 439 2231; x_wconf 88' lang='lat' dir='ltr'><strong>illud,</strong></span> <span class='ocrx_word' id='word_1_149' title='bbox 461 2149 547 2232; x_wconf 90' lang='lat' dir='ltr'><strong>quod</strong></span> <span class='ocrx_word' id='word_1_150' title='bbox 565 2148 686 2213; x_wconf 87' lang='lat' dir='ltr'><strong>diceret</strong></span> <span class='ocrx_word' id='word_1_151' title='bbox 704 2150 832 2215; x_wconf 90' lang='lat' dir='ltr'><strong>eosdem</strong></span> <span class='ocrx_word' id='word_1_152' title='bbox 850 2152 977 2218; x_wconf 89' lang='lat' dir='ltr'><strong>labores</strong></span> <span class='ocrx_word' id='word_1_153' title='bbox 995 2174 1062 2216; x_wconf 90' lang='lat' dir='ltr'><strong>non</strong></span> <span class='ocrx_word' id='word_1_154' title='bbox 1081 2173 1183 2236; x_wconf 88' lang='lat' dir='ltr'><strong>aeque</strong></span> 
     </span>
     <span class='ocr_line' id='line_1_23' title="bbox 178 2237 1183 2326; baseline 0.006 -27"><span class='ocrx_word' id='word_1_155' title='bbox 178 2237 287 2320; x_wconf 69' lang='lat' dir='ltr'><strong>graus</strong></span> <span class='ocrx_word' id='word_1_156' title='bbox 326 2257 395 2300; x_wconf 88' lang='lat' dir='ltr'><strong>esse</strong></span> <span class='ocrx_word' id='word_1_157' title='bbox 426 2237 614 2320; x_wconf 87' lang='lat' dir='ltr'><strong>imperatori</strong></span> <span class='ocrx_word' id='word_1_158' title='bbox 647 2242 680 2302; x_wconf 90' lang='lat' dir='ltr'><strong>et</strong></span> <span class='ocrx_word' id='word_1_159' title='bbox 710 2238 821 2324; x_wconf 88' lang='lat' dir='ltr'><strong>militi,</strong></span> <span class='ocrx_word' id='word_1_160' title='bbox 856 2242 942 2326; x_wconf 90' lang='lat' dir='ltr'><strong>quod</strong></span> <span class='ocrx_word' id='word_1_161' title='bbox 972 2242 1040 2305; x_wconf 88' lang='lat' dir='ltr'><strong>ise</strong></span> <span class='ocrx_word' id='word_1_162' title='bbox 1076 2239 1183 2305; x_wconf 91' lang='lat' dir='ltr'><strong>honos</strong></span> 
     </span>
     <span class='ocr_line' id='line_1_24' title="bbox 125 2263 1184 2411; baseline 0.007 -24"><span class='ocrx_word' id='word_1_163' title='bbox 125 2347 157 2395; x_wconf 78' lang='lat'><strong>63</strong></span> <span class='ocrx_word' id='word_1_164' title='bbox 176 2324 323 2390; x_wconf 88' lang='lat' dir='ltr'><strong>laborem</strong></span> <span class='ocrx_word' id='word_1_165' title='bbox 349 2324 503 2388; x_wconf 85' lang='lat' dir='ltr'><strong>leviorem</strong></span> <span class='ocrx_word' id='word_1_166' title='bbox 530 2326 651 2390; x_wconf 87' lang='lat' dir='ltr'><strong>faceret</strong></span> <span class='ocrx_word' id='word_1_167' title='bbox 679 2327 931 2411; x_wconf 89' lang='lat' dir='ltr'><strong>imperatorium.</strong></span> <span class='ocrx_word' id='word_1_168' title='bbox 980 2263 1041 2390; x_wconf 68' lang='lat' dir='ltr'><strong>ded</strong></span> <span class='ocrx_word' id='word_1_169' title='bbox 1070 2330 1184 2394; x_wconf 88' lang='lat' dir='ltr'><strong>tamen</strong></span> 
     </span>
     <span class='ocr_line' id='line_1_25' title="bbox 176 2412 1185 2500; baseline 0.004 -24"><span class='ocrx_word' id='word_1_170' title='bbox 176 2412 237 2478; x_wconf 91' lang='lat' dir='ltr'><strong>hoc</strong></span> <span class='ocrx_word' id='word_1_171' title='bbox 267 2413 385 2496; x_wconf 86' lang='lat' dir='ltr'><strong>evenit,</strong></span> <span class='ocrx_word' id='word_1_172' title='bbox 412 2414 450 2475; x_wconf 90' lang='lat' dir='ltr'><strong>ut</strong></span> <span class='ocrx_word' id='word_1_173' title='bbox 475 2413 509 2476; x_wconf 92' lang='lat' dir='ltr'><strong>in</strong></span> <span class='ocrx_word' id='word_1_174' title='bbox 537 2414 652 2499; x_wconf 83' lang='lat' dir='ltr'><strong>volgus</strong></span> <span class='ocrx_word' id='word_1_175' title='bbox 679 2415 899 2500; x_wconf 89' lang='lat' dir='ltr'><strong>insipientium</strong></span> <span class='ocrx_word' id='word_1_176' title='bbox 932 2415 1041 2497; x_wconf 91' lang='lat' dir='ltr'><strong>opinio</strong></span> <span class='ocrx_word' id='word_1_177' title='bbox 1074 2416 1185 2480; x_wconf 85' lang='lat' dir='ltr'><strong>valeat</strong></span> 
     </span>
     <span class='ocr_line' id='line_1_26' title="bbox 176 2500 1184 2587; baseline 0.005 -23"><span class='ocrx_word' id='word_1_178' title='bbox 176 2500 369 2583; x_wconf 84' lang='lat' dir='ltr'><strong>honestatis,</strong></span> <span class='ocrx_word' id='word_1_179' title='bbox 401 2521 473 2564; x_wconf 91' lang='lat' dir='ltr'><strong>cum</strong></span> <span class='ocrx_word' id='word_1_180' title='bbox 504 2501 608 2584; x_wconf 91' lang='lat' dir='ltr'><strong>ipsam</strong></span> <span class='ocrx_word' id='word_1_181' title='bbox 639 2503 747 2568; x_wconf 82' lang='lat' dir='ltr'><strong>videre</strong></span> <span class='ocrx_word' id='word_1_182' title='bbox 780 2525 845 2568; x_wconf 92' lang='lat' dir='ltr'><strong>non</strong></span> <span class='ocrx_word' id='word_1_183' title='bbox 878 2503 1015 2585; x_wconf 87' lang='lat' dir='ltr'><strong>possint.</strong></span> <span class='ocrx_word' id='word_1_184' title='bbox 1068 2502 1184 2587; x_wconf 85' lang='lat' dir='ltr'><strong>Itaque</strong></span> 
     </span>
     <span class='ocr_line' id='line_1_27' title="bbox 175 2587 1184 2672; baseline 0.006 -22"><span class='ocrx_word' id='word_1_185' title='bbox 175 2589 264 2652; x_wconf 87' lang='lat' dir='ltr'><strong>fama</strong></span> <span class='ocrx_word' id='word_1_186' title='bbox 292 2591 324 2652; x_wconf 88' lang='lat' dir='ltr'><strong>et</strong></span> <span class='ocrx_word' id='word_1_187' title='bbox 350 2587 568 2653; x_wconf 90' lang='lat' dir='ltr'><strong>multitudinis</strong></span> <span class='ocrx_word' id='word_1_188' title='bbox 596 2591 713 2657; x_wconf 91' lang='lat' dir='ltr'><strong>iudicio</strong></span> <span class='ocrx_word' id='word_1_189' title='bbox 743 2595 923 2672; x_wconf 84' lang='lat' dir='ltr'><strong>moventur,</strong></span> <span class='ocrx_word' id='word_1_190' title='bbox 955 2613 1027 2655; x_wconf 88' lang='lat' dir='ltr'><strong>cum</strong></span> <span class='ocrx_word' id='word_1_191' title='bbox 1058 2591 1090 2655; x_wconf 92' lang='lat' dir='ltr'><strong>id</strong></span> <span class='ocrx_word' id='word_1_192' title='bbox 1121 2591 1184 2656; x_wconf 91' lang='lat' dir='ltr'><strong>ho·</strong></span> 
     </span>
     <span class='ocr_line' id='line_1_28' title="bbox 176 2677 1183 2765; baseline 0.005 -26"><span class='ocrx_word' id='word_1_193' title='bbox 176 2681 303 2740; x_wconf 88' lang='lat' dir='ltr'><strong>nestum</strong></span> <span class='ocrx_word' id='word_1_194' title='bbox 326 2680 454 2759; x_wconf 85' lang='lat' dir='ltr'><strong>putent,</strong></span> <span class='ocrx_word' id='word_1_195' title='bbox 478 2677 564 2761; x_wconf 91' lang='lat' dir='ltr'><strong>quod</strong></span> <span class='ocrx_word' id='word_1_196' title='bbox 583 2700 601 2741; x_wconf 91' lang='lat' dir='ltr'><strong>a</strong></span> <span class='ocrx_word' id='word_1_197' title='bbox 619 2679 778 2762; x_wconf 88' lang='lat' dir='ltr'><strong>plerisque</strong></span> <span class='ocrx_word' id='word_1_198' title='bbox 801 2677 956 2743; x_wconf 89' lang='lat' dir='ltr'><strong>laudetur.</strong></span> <span class='ocrx_word' id='word_1_199' title='bbox 992 2678 1037 2743; x_wconf 81' lang='lat' dir='ltr'><strong>Te</strong></span> <span class='ocrx_word' id='word_1_200' title='bbox 1061 2683 1183 2765; x_wconf 90' lang='lat' dir='ltr'><strong>autem,</strong></span> 
     </span>
     <span class='ocr_line' id='line_1_29' title="bbox 177 2764 1184 2842; baseline 0.005 -14"><span class='ocrx_word' id='word_1_201' title='bbox 177 2765 206 2828; x_wconf 92' lang='lat' dir='ltr'><strong>si</strong></span> <span class='ocrx_word' id='word_1_202' title='bbox 228 2765 263 2829; x_wconf 91' lang='lat' dir='ltr'><strong>in</strong></span> <span class='ocrx_word' id='word_1_203' title='bbox 286 2765 387 2830; x_wconf 88' lang='lat' dir='ltr'><strong>oculis</strong></span> <span class='ocrx_word' id='word_1_204' title='bbox 412 2766 456 2829; x_wconf 91' lang='lat' dir='ltr'><strong>sis</strong></span> <span class='ocrx_word' id='word_1_205' title='bbox 480 2764 709 2842; x_wconf 83' lang='lat' dir='ltr'><strong>multitudinis,</strong></span> <span class='ocrx_word' id='word_1_206' title='bbox 731 2769 841 2828; x_wconf 87' lang='lat' dir='ltr'><strong>tamen</strong></span> <span class='ocrx_word' id='word_1_207' title='bbox 864 2765 932 2830; x_wconf 90' lang='lat' dir='ltr'><strong>eius</strong></span> <span class='ocrx_word' id='word_1_208' title='bbox 955 2767 1073 2831; x_wconf 90' lang='lat' dir='ltr'><strong>iudicio</strong></span> <span class='ocrx_word' id='word_1_209' title='bbox 1093 2771 1184 2833; x_wconf 87' lang='lat' dir='ltr'><strong>stare</strong></span> 
     </span>
     <span class='ocr_line' id='line_1_30' title="bbox 175 2851 1183 2938; baseline 0.006 -23"><span class='ocrx_word' id='word_1_210' title='bbox 175 2853 275 2917; x_wconf 92' lang='lat' dir='ltr'><strong>nolim</strong></span> <span class='ocrx_word' id='word_1_211' title='bbox 293 2874 365 2936; x_wconf 89' lang='lat' dir='ltr'><strong>nec,</strong></span> <span class='ocrx_word' id='word_1_212' title='bbox 385 2854 470 2937; x_wconf 93' lang='lat' dir='ltr'><strong>quod</strong></span> <span class='ocrx_word' id='word_1_213' title='bbox 487 2852 546 2916; x_wconf 86' lang='lat' dir='ltr'><strong>illa</strong></span> <span class='ocrx_word' id='word_1_214' title='bbox 562 2855 668 2935; x_wconf 86' lang='lat' dir='ltr'><strong>putet,</strong></span> <span class='ocrx_word' id='word_1_215' title='bbox 685 2851 770 2916; x_wconf 92' lang='lat' dir='ltr'><strong>idem</strong></span> <span class='ocrx_word' id='word_1_216' title='bbox 788 2858 901 2937; x_wconf 88' lang='lat' dir='ltr'><strong>putare</strong></span> <span class='ocrx_word' id='word_1_217' title='bbox 920 2855 1183 2938; x_wconf 90' lang='lat' dir='ltr'><strong>pulcherrimum.</strong></span> 
     </span>
     <span class='ocr_line' id='line_1_31' title="bbox 176 2938 1186 3027; baseline 0.006 -24"><span class='ocrx_word' id='word_1_218' title='bbox 176 2939 245 3003; x_wconf 80' lang='lat' dir='ltr'><strong>Tuo</strong></span> <span class='ocrx_word' id='word_1_219' title='bbox 272 2940 334 3003; x_wconf 91' lang='lat' dir='ltr'><strong>tibi</strong></span> <span class='ocrx_word' id='word_1_220' title='bbox 363 2941 480 3005; x_wconf 90' lang='lat' dir='ltr'><strong>iudicio</strong></span> <span class='ocrx_word' id='word_1_221' title='bbox 508 2943 559 3004; x_wconf 85' lang='lat' dir='ltr'><strong>est</strong></span> <span class='ocrx_word' id='word_1_222' title='bbox 585 2938 751 3023; x_wconf 79' lang='lat' dir='ltr'><strong>utendum3</strong></span> <span class='ocrx_word' id='word_1_223' title='bbox 778 2941 840 3005; x_wconf 89' lang='lat' dir='ltr'><strong>tibi</strong></span> <span class='ocrx_word' id='word_1_224' title='bbox 869 2943 897 3006; x_wconf 89' lang='lat' dir='ltr'><strong>si</strong></span> <span class='ocrx_word' id='word_1_225' title='bbox 919 2947 1008 3008; x_wconf 86' lang='lat' dir='ltr'><strong>recta</strong></span> <span class='ocrx_word' id='word_1_226' title='bbox 1029 2945 1186 3027; x_wconf 90' lang='lat' dir='ltr'><strong>probanti</strong></span> 
     </span>
     <span class='ocr_line' id='line_1_32' title="bbox 176 3027 1185 3115; baseline 0.009 -26"><span class='ocrx_word' id='word_1_227' title='bbox 176 3027 331 3110; x_wconf 88' lang='lat' dir='ltr'><strong>placebis,</strong></span> <span class='ocrx_word' id='word_1_228' title='bbox 353 3032 422 3092; x_wconf 90' lang='lat' dir='ltr'><strong>tum</strong></span> <span class='ocrx_word' id='word_1_229' title='bbox 440 3049 506 3091; x_wconf 92' lang='lat' dir='ltr'><strong>non</strong></span> <span class='ocrx_word' id='word_1_230' title='bbox 524 3027 619 3092; x_wconf 91' lang='lat' dir='ltr'><strong>modo</strong></span> <span class='ocrx_word' id='word_1_231' title='bbox 644 3031 709 3092; x_wconf 89' lang='lat' dir='ltr'><strong>tete</strong></span> <span class='ocrx_word' id='word_1_232' title='bbox 731 3029 859 3108; x_wconf 82' lang='lat' dir='ltr'><strong>viceris,</strong></span> <span class='ocrx_word' id='word_1_233' title='bbox 882 3030 968 3115; x_wconf 90' lang='lat' dir='ltr'><strong>quod</strong></span> <span class='ocrx_word' id='word_1_234' title='bbox 989 3032 1086 3114; x_wconf 92' lang='lat' dir='ltr'><strong>paulo</strong></span> <span class='ocrx_word' id='word_1_235' title='bbox 1106 3039 1185 3098; x_wconf 90' lang='lat' dir='ltr'><strong>ante</strong></span> 
     </span>
     <span class='ocr_line' id='line_1_33' title="bbox 125 3115 1185 3203; baseline 0.009 -27"><span class='ocrx_word' id='word_1_236' title='bbox 125 3137 157 3184; x_wconf 75' lang='lat'><strong>64</strong></span> <span class='ocrx_word' id='word_1_237' title='bbox 176 3115 427 3198; x_wconf 87' lang='lat' dir='ltr'><strong>praecipiebam,</strong></span> <span class='ocrx_word' id='word_1_238' title='bbox 455 3115 510 3179; x_wconf 89' lang='lat' dir='ltr'><strong>sed</strong></span> <span class='ocrx_word' id='word_1_239' title='bbox 538 3116 642 3181; x_wconf 91' lang='lat' dir='ltr'><strong>omnis</strong></span> <span class='ocrx_word' id='word_1_240' title='bbox 671 3119 703 3179; x_wconf 91' lang='lat' dir='ltr'><strong>et</strong></span> <span class='ocrx_word' id='word_1_241' title='bbox 729 3117 845 3182; x_wconf 89' lang='lat' dir='ltr'><strong>omnia.</strong></span> <span class='ocrx_word' id='word_1_242' title='bbox 889 3117 961 3184; x_wconf 92' lang='lat' dir='ltr'><strong>Hoc</strong></span> <span class='ocrx_word' id='word_1_243' title='bbox 988 3119 1089 3203; x_wconf 85' lang='lat' dir='ltr'><strong>igitur</strong></span> <span class='ocrx_word' id='word_1_244' title='bbox 1119 3121 1185 3186; x_wconf 88' lang='lat' dir='ltr'><strong>tibi</strong></span> 
     </span>
     <span class='ocr_line' id='line_1_34' title="bbox 175 3202 1185 3294; baseline 0.01 -32"><span class='ocrx_word' id='word_1_245' title='bbox 175 3222 333 3283; x_wconf 88' lang='lat' dir='ltr'><strong>propone,</strong></span> <span class='ocrx_word' id='word_1_246' title='bbox 355 3202 600 3284; x_wconf 85' lang='lat' dir='ltr'><strong>amplitudinem</strong></span> <span class='ocrx_word' id='word_1_247' title='bbox 620 3203 720 3267; x_wconf 89' lang='lat' dir='ltr'><strong>animi</strong></span> <span class='ocrx_word' id='word_1_248' title='bbox 738 3208 771 3269; x_wconf 86' lang='lat' dir='ltr'><strong>et</strong></span> <span class='ocrx_word' id='word_1_249' title='bbox 793 3207 885 3289; x_wconf 86' lang='lat' dir='ltr'><strong>quasi</strong></span> <span class='ocrx_word' id='word_1_250' title='bbox 906 3208 1066 3291; x_wconf 87' lang='lat' dir='ltr'><strong>quandam</strong></span> <span class='ocrx_word' id='word_1_251' title='bbox 1085 3229 1185 3294; x_wconf 83' lang='lat' dir='ltr'><strong>exag-</strong></span> 
     </span>
    </p>
   </div>
   <div class='ocr_carea' id='block_1_3' title="bbox 175 3288 1188 3559">
    <p class='ocr_par' dir='ltr' id='par_1_3' title="bbox 175 3288 1188 3559">
     <span class='ocr_line' id='line_1_35' title="bbox 176 3288 1188 3379; baseline 0.01 -28"><span class='ocrx_word' id='word_1_252' title='bbox 176 3288 375 3371; x_wconf 81' lang='lat' dir='ltr'><strong>gerationem</strong></span> <span class='ocrx_word' id='word_1_253' title='bbox 411 3310 506 3372; x_wconf 86' lang='lat' dir='ltr'><strong>quam</strong></span> <span class='ocrx_word' id='word_1_254' title='bbox 544 3291 736 3356; x_wconf 88' lang='lat' dir='ltr'><strong>altissimam</strong></span> <span class='ocrx_word' id='word_1_255' title='bbox 772 3295 884 3379; x_wconf 87' lang='lat' dir='ltr'><strong>ammi,</strong></span> <span class='ocrx_word' id='word_1_256' title='bbox 924 3317 1005 3379; x_wconf 86' lang='lat' dir='ltr'><strong>quae</strong></span> <span class='ocrx_word' id='word_1_257' title='bbox 1042 3296 1188 3363; x_wconf 85' lang='lat' dir='ltr'><strong>maxime</strong></span> 
     </span>
     <span class='ocr_line' id='line_1_36' title="bbox 176 3375 1188 3467; baseline 0.008 -27"><span class='ocrx_word' id='word_1_258' title='bbox 176 3375 296 3442; x_wconf 84' lang='lat' dir='ltr'><strong>eminet</strong></span> <span class='ocrx_word' id='word_1_259' title='bbox 318 3377 559 3442; x_wconf 83' lang='lat' dir='ltr'><strong>contemnendis</strong></span> <span class='ocrx_word' id='word_1_260' title='bbox 583 3382 616 3444; x_wconf 90' lang='lat' dir='ltr'><strong>et</strong></span> <span class='ocrx_word' id='word_1_261' title='bbox 637 3378 850 3464; x_wconf 88' lang='lat' dir='ltr'><strong>despiciendis</strong></span> <span class='ocrx_word' id='word_1_262' title='bbox 878 3383 1055 3467; x_wconf 91' lang='lat' dir='ltr'><strong>doloribus,</strong></span> <span class='ocrx_word' id='word_1_263' title='bbox 1082 3406 1188 3451; x_wconf 83' lang='lat' dir='ltr'><strong>unam.</strong></span> 
     </span>
     <span class='ocr_line' id='line_1_37' title="bbox 175 3464 1188 3559; baseline 0.009 -31"><span class='ocrx_word' id='word_1_264' title='bbox 175 3484 245 3528; x_wconf 87' lang='lat' dir='ltr'><strong>esse</strong></span> <span class='ocrx_word' id='word_1_265' title='bbox 273 3464 414 3528; x_wconf 91' lang='lat' dir='ltr'><strong>omnium</strong></span> <span class='ocrx_word' id='word_1_266' title='bbox 444 3488 512 3529; x_wconf 90' lang='lat' dir='ltr'><strong>rem</strong></span> <span class='ocrx_word' id='word_1_267' title='bbox 539 3467 801 3552; x_wconf 87' lang='lat' dir='ltr'><strong>pulcherrimam,</strong></span> <span class='ocrx_word' id='word_1_268' title='bbox 829 3491 928 3554; x_wconf 88' lang='lat' dir='ltr'><strong>eoque</strong></span> <span class='ocrx_word' id='word_1_269' title='bbox 953 3470 1188 3559; x_wconf 89' lang='lat' dir='ltr'><strong>pulchriorem,</strong></span> 
     </span>
    </p>
   </div>
   <div class='ocr_carea' id='block_1_4' title="bbox 0 0 1242 3848">
    <p class='ocr_par' dir='ltr' id='par_1_4' title="bbox 0 0 1242 3848">
     <span class='ocr_line' id='line_1_38' title="bbox 0 0 1242 3848; baseline 0 0"><span class='ocrx_word' id='word_1_270' title='bbox 0 0 1242 3848; x_wconf 95' lang='lat' dir='ltr'><strong> </strong></span> 
     </span>
    </p>
   </div>
  </div>
 </body>
</html>
