2476 3848
477 233 717 300 -339-

89 391 161 456 tino
184 389 344 474 Archyta,
374 394 408 454 ut
435 391 569 475 opinor,
596 391 659 458 dici
686 392 819 457 solitum
846 397 975 458 nostros
1004 415 1096 460 senes

90 499 344 545 commemorare
372 477 481 544 audiri
513 480 553 544 ab
590 479 664 545 aliis
697 480 827 545 senibus
860 480 1018 545 auditum:
1051 481 1095 547 ‘si

91 568 176 651 quis
199 567 238 631 in
260 566 408 631 caelum
430 567 672 634 ascendisset
693 572 948 653 naturamque
967 569 1096 635 mundi

90 659 128 720 et
160 654 492 740 pulchritudinem
523 656 690 722 siderum
726 658 1005 742 perspexisset,
1040 658 1095 722 in:

90 765 245 808 suavem
267 742 380 808 illam
403 744 698 809 admirationem
725 746 759 810 ei
786 745 884 829 fore;
916 768 1011 829 quae
1037 747 1095 812 iu-

90 831 325 898 cundissima
351 831 506 914 fuisset,
539 832 571 895 si
603 832 783 916 aliquem,
815 834 875 898 cui
901 837 1094 917 narraret,

89 918 315 985 habuisset!
351 917 404 984 Sic
426 922 544 984 natura
558 918 740 985 solitarium
751 920 834 984 nihil
849 925 937 986 amat
956 943 1095 1008 semper·

90 1029 152 1091 que
176 1008 217 1071 ad
236 1006 368 1090 aliquod
385 1010 553 1090 tamquam
572 1007 802 1073 adminiculum
821 1009 991 1093 adnititur;
1009 1008 1094 1094 quod

89 1097 125 1160 in
148 1095 344 1160 amicissimo
368 1116 494 1178 quoque
517 1095 738 1160 dulcissimum
763 1101 821 1161 est.

157 1181 220 1247 Sed
243 1205 315 1249 cum
342 1186 393 1248 tot
420 1182 523 1268 signis
550 1184 661 1248 eadem
687 1188 805 1248 natura
833 1184 986 1263 declaret,
1018 1185 1095 1268 quid
1104 1184 1146 1250 24

89 1270 179 1355 velit,
203 1271 362 1355 anquirat,
385 1270 557 1354 desideret,
579 1275 689 1336 tamen
711 1271 968 1337 obsurdescimus
986 1273 1094 1337 nescio

90 1381 154 1443 quo
178 1359 274 1423 modo
294 1380 352 1423 nec
371 1380 417 1442 ea,
437 1380 518 1442 quae
537 1359 578 1423 ab
593 1381 631 1423 ea
644 1380 822 1441 monemur,
845 1360 1002 1424 audimus.
1033 1359 1095 1424 llst

91 1447 177 1511 enim
199 1445 309 1511 varius
337 1450 369 1511 et
396 1446 567 1530 multiplex
593 1467 671 1511 usus
699 1447 876 1531 amicitiae,
909 1448 1094 1530 multaeque

91 1555 206 1599 causae
230 1533 449 1618 suspicionum
472 1534 748 1618 offensionumque
770 1536 896 1619 dantur,
920 1556 1000 1618 quas
1022 1537 1094 1598 tum

91 1622 226 1706 evitare,
257 1626 328 1686 tum
359 1622 498 1706 elevare,
529 1627 600 1688 tum
630 1621 715 1687 ferre
747 1622 903 1707 sapientis
936 1626 999 1706 est;
1030 1644 1095 1687 una

90 1711 149 1775 illa
171 1708 371 1775 sublevanda
394 1710 527 1775 offensio
552 1714 610 1795 est,
632 1715 670 1774 ut
693 1714 726 1774 et
748 1710 874 1774 utilitas
893 1711 926 1775 in
950 1711 1095 1775 amicitia

91 1803 123 1862 et
145 1799 224 1863 fides
246 1798 437 1863 retineatur:
460 1819 536 1864 nam
559 1803 592 1863 et
614 1798 765 1863 monendi
788 1799 882 1863 amici
904 1820 999 1884 saepe
1018 1801 1095 1863 sunt

90 1891 123 1950 et
147 1886 348 1971 obiurgandi,
372 1890 405 1951 et
424 1887 504 1951 haec
523 1887 707 1971 accipienda
726 1887 835 1970 amice,
855 1909 927 1954 oum
945 1886 1093 1952 benivole

89 1975 180 2039 fiunt.
209 1972 288 2043 ,Sed
310 1974 418 2039 nescio
443 1997 506 2058 quo
529 1975 625 2040 modo
648 1998 760 2040 verum
783 1980 841 2060 est,
865 1975 950 2060 quod
972 1975 1007 2039 in
1029 1973 1093 2038 An·
1112 1989 1145 2039 89

91 2062 161 2127 dria
183 2061 356 2127 familiaris
378 2083 469 2127 meus
493 2063 582 2128 dicit:

135 2148 369 2233 Obsequium
392 2150 548 2233 amicos,
570 2151 719 2217 ve‘ritas
743 2151 869 2216 odidm
892 2151 1004 2235 parit.

89 2238 232 2302 Molesta
212 2237 383 2319 averitas,
406 2238 563 2390 siquidem
587 2261 625 2303 ex
649 2261 688 2304 ea
705 2240 808 2304 nascit
809 2261 848 2304 ur
867 2239 985 2318 odium,
1008 2238 1094 2339 quod

90 2330 141 2390 est
159 2346 317 2426 venenum
331 2325 501 2410 amicitiae,
520 2326 575 2391 sed
593 2327 783 2411 obsequium
797 2326 880 2390 mult
867 2329 901 2390 ιο
916 2326 1044 2391 molest
1020 2330 1094 2409 trus,

91 2414 177 2497 quod
190 2416 302 2497 peccat
303 2412 331 2477 is
344 2377 515 2499 indulgens
529 2414 738 2499 praecipitem
754 2413 892 2477 amicum
910 2412 989 2476 ferri
1003 2413 1094 2495 sinit3

90 2523 242 2566 maxuma
265 2505 374 2566 autem
397 2502 522 2587 culpa
513 2524 548 2566 m
571 2524 624 2585 eo,
653 2500 707 2585 qui
734 2504 766 2564 et
787 2499 958 2564 veritatem
987 2520 1094 2650 aspter-

89 2593 148 2654 nat
148 2612 187 2653 ur
210 2589 274 2654 et
265 2610 299 2653 m
320 2588 467 2654 fraudem
490 2552 645 2673 obsequio
668 2587 796 2672 inpellit
797 2609 843 2652 ur.
878 2585 1001 2650 Omni
992 2586 1054 2670 rgit
1055 2608 1094 2650 ur

90 2677 183 2741 hac
173 2699 208 2741 ιιι
230 2698 265 2741 re
288 2677 437 2742 habenda
460 2680 511 2741 rat
512 2677 543 2742 io
568 2682 601 2742 et
624 2675 770 2763 diligent
762 2698 793 2740 1a
816 2679 874 2757 est,
896 2672 1038 2758 primum
1057 2677 1094 2737 ut

90 2764 226 2829 monitio
260 2764 450 2847 acerbitate,
482 2765 659 2830 deindet
621 2768 659 2830 ut
685 2763 847 2850 obiurgat
839 2784 869 2827 ιο
898 2761 1094 2827 contumelia

91 2857 213 2935 careat3
234 2852 270 2916 in
293 2852 447 2936 obsequio
470 2856 526 2918 aut
528 2875 579 2917 em
583 2852 767 2938 ,quoniam
781 2849 909 2915 Terent
885 2853 974 2914 trano
992 2847 1093 2914 verbo

91 2902 241 3005 lubenter
263 2940 398 3024 utimur,
426 2941 562 3006 comitas
583 2904 685 3024 bosia,
713 2939 908 3020 adsentatio,
939 2936 1093 3002 vitiorum

90 3028 240 3111 adiutrix,
262 3029 375 3112 procul
395 3033 543 3093 amoveat
544 3051 591 3113 ur,
611 3050 691 3113 quae
708 3049 774 3092 non
791 3026 887 3091 modo
907 3025 1020 3111 amico,
1039 3025 1095 3091 sed

89 3137 130 3180 ne
152 3116 254 3180 libero
279 3115 407 3218 quidem
431 3117 615 3268 digna,est
588 3117 733 3181 taliter·
752 3115 837 3180 enim
856 3137 928 3180 cum
947 3118 1094 3198 tyranno,

90 3203 185 3268 aliter
208 3225 281 3270 cum
304 3204 407 3270 amico
430 3205 511 3270 vivit
512 3227 559 3269 ur
604 3165 782 3269 liuiust
725 3206 782 3269 aut
784 3225 834 3268 em
853 3224 947 3269 aures
966 3203 1093 3269 clausae
1113 3218 1145 3267 ιο

88 3291 222 3356 veritati
241 3296 326 3377 sunt,
348 3292 446 3357 utab
465 3293 568 3358 amico
582 3313 693 3357 verum
708 3291 818 3358 audire
832 3295 980 3376 nequeat,
998 3291 1093 3356 huius

91 3380 179 3445 salus
203 3316 403 3465 desperadda
426 3384 484 3446 est.
461 3378 588 3446 tScit
574 3384 644 3444 tum
667 3383 717 3444 est
741 3380 826 3446 enim
848 3380 931 3447 illud
951 3377 1013 3445 Cat
999 3380 1094 3462 tonis,

89 3471 127 3532 ut
150 3469 268 3533 multa:
292 3468 446 3534 melius
470 3469 512 3534 de
536 3467 765 3553 quibusdam
788 3467 978 3535 acerbos
969 3466 1095 3531 mimi·

90 3575 154 3621 cos
183 3558 325 3622 mereri
358 3579 474 3643 quam
502 3578 565 3623 eos
598 3556 755 3643 amicos,
788 3556 855 3642 qui
880 3555 1016 3621 dulces
1041 3553 1101 3615 si-

846 3654 906 3711 aa*
