2476 3848
558 184 799 250 -196-

165 337 320 405 tenendas
339 356 437 419 quam
460 333 553 418 diligi
574 354 633 398 nec
656 331 792 397 alienius
811 354 910 415 quam
927 332 1044 396 timeri.
1076 331 1173 397 Prae·

167 428 253 493 clare
276 423 363 488 enim
384 421 524 487 Ennius:

210 512 325 588 Quem
348 511 535 591 metuunt,
560 507 736 590 oderunt,
759 529 869 590 quem
890 506 1052 590 quisque
1076 507 1174 591 odit,

690 594 855 678 periisse
879 595 1038 679 expetit.

165 688 345 753 Multorum
368 686 477 749 autem
500 682 581 747 odiis
604 681 711 746 nullas
735 703 812 766 opes
834 703 930 767 posse
953 682 1120 767 obsistere,
1144 684 1174 747 si

167 778 263 840 antea
289 773 352 838 fuit
378 773 540 856 ignotum,
572 791 675 853 nuper
702 774 752 833 est
779 769 953 855 cognitum.
998 769 1066 835 Nec
1093 793 1173 835 vero

166 863 262 928 huius
277 859 408 945 tyranni
422 859 536 935 solum,
555 879 651 941 quem
666 857 764 921 armis
779 878 934 942 oppressa
946 857 1083 940 pertulit
1097 859 1174 923 civi-

167 954 218 1014 tas
243 971 280 1013 ao
302 951 396 1033 paret
419 967 491 1011 cum
514 967 663 1009 maxume
686 949 823 1028 mortno,
845 945 996 1008 interitus
1020 946 1174 1030 declarat,

168 1040 326 1121 quantum
349 1033 458 1098 odium
480 1032 648 1097 hominum
670 1033 779 1097 valeat
802 1031 843 1096 ad
864 1035 998 1116 pestem,
1022 1034 1078 1097 sed
1099 1035 1174 1098 reli·

168 1145 305 1208 quorum
329 1122 451 1185 similes
475 1120 579 1185 exitus
602 1123 824 1203 tyrannorum,
847 1142 983 1203 quorum
1001 1121 1087 1184 haud
1104 1121 1174 1186 fere

169 1212 340 1296 quisquam
372 1209 473 1273 talem
504 1208 672 1273 interitum
705 1207 832 1292 effugit3
868 1208 972 1272 malus
1006 1208 1091 1272 enirn
1123 1213 1174 1274 est

169 1302 278 1364 custos
302 1296 525 1362 diuturnitatis
544 1300 650 1360 metus
669 1298 843 1379 contraque
861 1296 1082 1360 benivolentia
1098 1297 1176 1361 fide·

116 1403 150 1451 24
169 1387 210 1451 lis
233 1386 286 1451 vel
314 1385 355 1450 ad
381 1384 641 1470 perpetuitatem.
687 1381 749 1447 Sed
775 1383 830 1466 iis,
859 1383 915 1466 qui
941 1384 974 1447 vi
1001 1406 1174 1467 oppressos

169 1474 304 1558 imperio
328 1476 485 1556 oo‘e'roent,
508 1472 552 1535 sit
575 1494 651 1536 sane
675 1471 856 1535 adhibenda
879 1471 1028 1556 saevitia,
1050 1475 1087 1535 ut
1110 1472 1174 1535 eris

168 1563 204 1626 in
225 1562 375 1643 famulos,
399 1560 427 1623 si
450 1559 545 1623 aliter
568 1559 672 1624 teneri
693 1581 760 1623 non
781 1563 932 1643 possunt3
961 1558 1017 1642 qui
1039 1581 1115 1623 vero
1139 1560 1176 1623 in

170 1651 274 1714 libera
296 1649 428 1713 civitate
446 1648 494 1710 ita
513 1669 547 1710 se
565 1647 739 1728 instruunt,
761 1650 798 1709 ut
817 1649 1010 1730 metuantur,
1032 1647 1072 1710 iis
1090 1647 1174 1711 nihil

169 1740 278 1822 potest
302 1758 371 1800 esse
395 1734 582 1798 dementius.
629 1731 782 1807 Quamvis
810 1734 896 1796 enim
922 1734 987 1797 sint
1010 1734 1174 1799 demersae

169 1826 258 1909 leges
274 1822 408 1886 alicuius
428 1821 553 1904 opibus,
572 1819 719 1902 quamvis
732 1820 899 1884 timefacta
912 1822 1057 1905 libertas,
1075 1844 1175 1887 emer-

170 1915 252 1996 gunt
279 1915 390 1973 tamen
416 1908 495 1972 haee
525 1908 697 1989 aliquando
730 1911 787 1972 aut
818 1908 943 1973 iudiciis
975 1909 1084 1974 tacitis
1117 1914 1174 1975 aut

170 1997 304 2062 occultis
328 1996 366 2059 de
388 1995 511 2059 honore
535 1995 707 2079 suffragiis
744 1995 893 2060 Acriores
915 1999 1024 2061 antem
1046 2019 1173 2064 morsus

169 2089 246 2148 sunt
267 2083 472 2146 intermissae
495 2082 657 2146 libertatis
682 2105 779 2166 quam
801 2088 956 2149 retentae.
1001 2083 1093 2159 Quod
1115 2086 1175 2172 igi-

168 2174 223 2234 tur
249 2170 418 2234 latissume
445 2173 536 2254 patet
562 2191 666 2254 neque
699 2171 740 2234 ad
771 2171 1029 2236 incolumitatem
1059 2174 1175 2256 solum,

91 2307 96 2319 .
169 2258 225 2321 sed
248 2257 347 2321 etiam
370 2257 410 2321 ad
438 2279 515 2342 opes
543 2260 576 2322 et
601 2259 783 2342 potentiam
809 2259 898 2324 valet
925 2260 1114 2344 plurimum,
1141 2261 1176 2325 id

170 2347 413 2428 amplectamur,
436 2348 472 2408 ut
496 2349 601 2409 metus
625 2346 725 2430 absit,
748 2347 867 2411 caritas
890 2347 1077 2413 retineatur.
1121 2348 1176 2413 Ita

168 2432 333 2515 facillime,
357 2455 438 2516 qnae
460 2432 616 2516 volemus,
640 2437 672 2497 et
694 2434 831 2517 privatis
851 2435 886 2498 in
908 2435 1004 2500 rebus
1028 2440 1061 2500 et
1082 2435 1118 2499 in
1140 2459 1175 2501 re

169 2521 300 2605 publica
322 2541 561 2603 consequemur.
596 2520 727 2585 Etenim
751 2522 806 2604 qui
829 2544 863 2586 se
886 2522 987 2586 metui
1009 2522 1129 2608 volent,
1155 2547 1175 2588 a

170 2609 286 2692 quibus
313 2611 510 2692 metuentur,
538 2609 666 2673 eosdem
694 2613 841 2673 metuant
868 2610 932 2692 ipsi
958 2631 1088 2674 neeesse
1116 2615 1174 2676 est.

118 2709 150 2757 25
170 2695 253 2771 Quid
276 2696 362 2760 enim
384 2717 550 2760 censemus
570 2696 769 2780 superiorem
786 2696 881 2760 illum
899 2695 1092 2781 Dionysium
1111 2720 1174 2781 quo

169 2785 314 2848 cruciatu
332 2783 459 2848 timoris
479 2783 556 2867 angi
573 2784 715 2866 solitum,
734 2783 789 2867 qui
807 2785 930 2848 cultros
945 2789 1090 2850 metuens
1104 2790 1175 2850 ton-

169 2872 273 2936 sorios
296 2872 451 2936 oandente
475 2871 613 2935 carbone
637 2871 700 2934 sibi
723 2872 879 2936 adurebat
898 2873 1073 2957 capillum?
1098 2874 1176 2957 quid

168 2957 388 3022 Alexandrum
406 2957 587 3022 Pheraeum
609 2980 672 3041 quo
691 2958 799 3023 animo
817 2959 936 3024 vixisse
955 2961 1174 3028 arbitramur?

169 3045 234 3128 qui,
258 3048 296 3109 ut
319 3045 475 3128 scriptum
498 3045 646 3130 legimus,
670 3067 742 3110 cum
764 3069 898 3112 uxorem
916 3047 1049 3113 Theben
1067 3049 1176 3114 admo·

170 3131 247 3195 dnm
270 3131 434 3216 diligeret,
456 3136 566 3196 tamen
589 3133 630 3197 ad
653 3155 725 3197 eam
748 3156 786 3198 ex
809 3135 913 3220 epulis
935 3137 970 3199 in
992 3135 1175 3202 cubiculum

169 3219 301 3282 veniens
325 3219 512 3303 barbarum,
540 3223 572 3284 et
599 3241 673 3285 eum
701 3221 842 3305 quidem,
872 3227 909 3287 ut
937 3225 1175 3308 scriptumest,

169 3309 385 3389 conpunctum
407 3307 495 3370 notis
518 3306 697 3392 Thraeciis,
724 3309 879 3375 destricto
908 3312 1017 3396 gladio
1040 3312 1175 3377 iubebat

170 3393 292 3457 anteire
306 3393 599 3478 praemittebatque
618 3396 656 3460 de
676 3396 889 3481 stipatoribus
912 3399 988 3483 suis,
1014 3400 1070 3483 qui
1088 3422 1174 3465 scru-

92 3483 317 3630 *terantur
340 3482 465 3546 arculas
489 3483 662 3548 muliebres
685 3487 728 3569 et,
750 3507 791 3550 ne
814 3486 900 3570 quod
917 3486 952 3551 in
969 3487 1173 3553 vestimentis
