2476 3848
477 167 716 234 -523-

156 322 243 389 Huic
270 326 376 389 certae
406 323 579 408 stabilique
608 325 787 390 sententiae
820 346 901 410 quae
932 325 998 390 sint
1027 293 1153 418 con-15}

91 411 217 496 iuncta,
249 412 416 495 explicabo
447 412 546 477 brevi.
599 412 716 477 Nullus
747 413 783 476 in
813 413 893 496 ipsis
926 434 1014 478 error
1051 415 1101 476 est
1176 465 1178 468 Α

91 499 209 563 finibus
234 500 447 564 bonorumet
470 500 643 585 malorum,
669 500 703 564 id
725 503 775 564 est
797 500 1020 582 inuoluptate
1044 503 1101 564 aut

92 587 126 651 in
157 586 281 671 dolore,
314 587 371 651 sed
397 587 432 651 in
458 587 500 651 iis
529 588 624 652 rebus
651 591 796 671 peceant,
824 609 909 672 oum,
936 608 954 651 e
983 588 1100 671 quibus

92 673 173 738 haee
200 674 393 757 efficiantur,
419 674 580 758 ignorant.
634 674 746 740 Animi
778 678 887 740 autem
917 675 1099 757 voluptates

93 766 127 825 et
158 762 284 827 dolores
311 762 402 827 nasci
428 761 569 827 fatemur
597 784 615 827 e
642 763 784 845 eorporis
816 762 1036 846 voluptatibus
1067 766 1100 826 εὴ

93 849 274 935 doloribus,
298 849 407 932 itaque
428 849 578 932 concede,
601 849 685 933 quod
708 850 803 915 modo
827 850 964 934 dicebas,
987 849 1099 915 eadere

93 957 202 1019 eausa,
226 937 255 1001 si
279 937 334 1020 qui
357 937 512 1002 enostris
531 937 627 1002 aliter
646 937 847 1021 existimant,
869 958 949 1021 quos
972 937 1099 1022 quidem

90 1023 185 1089 video
217 1023 286 1089 esse
315 1024 447 1108 multos,
476 1024 532 1088 sed
558 1025 741 1108 imperitos,
769 1047 964 1109 quamquam
992 1028 1100 1090 autem

93 1114 126 1174 et
148 1112 307 1176 laetitiam
329 1111 425 1177 nobis
447 1112 597 1195 voluptas
620 1111 720 1176 animi
748 1115 781 1176 εὴ
803 1114 986 1179 molestiam
1008 1113 1100 1178 dolor

93 1199 219 1282 afferat,
250 1221 360 1264 eorum
386 1201 496 1264 tamen
518 1203 689 1283 utrumque
713 1203 746 1264 et
769 1203 875 1264 ortum
897 1222 967 1264 esse
991 1221 1008 1264 e
1031 1223 1099 1266 cor·

91 1307 169 1368 pore
197 1290 230 1351 et
257 1286 298 1351 ad
325 1307 440 1369 corpus
467 1287 595 1371 referri,
620 1308 679 1351 nec
707 1286 749 1352 ob
778 1308 849 1352 eam
877 1310 1008 1353 eausam
1032 1310 1100 1354 non

91 1375 194 1439 multo
228 1375 367 1438 maiores
400 1395 470 1438 esse
502 1377 536 1438 et
565 1375 750 1457 voluptates
778 1378 811 1438 et
840 1374 968 1439 dolores
999 1376 1099 1439 animi

91 1483 188 1544 quam
216 1461 371 1544 corporis.
418 1459 505 1525 Nam
532 1482 665 1544 corpore
691 1461 775 1526 nihil
800 1462 863 1526 nisi
890 1483 1042 1545 praesens
1066 1465 1100 1526 et

92 1548 178 1631 quod
204 1549 297 1613 adest
324 1548 442 1613 sentire
470 1570 654 1633 possumus,
681 1549 789 1614 animo
819 1553 926 1614 autem
953 1552 986 1613 et
1007 1571 1098 1632 prae-

91 1636 188 1700 terita
214 1639 247 1700 et
273 1636 390 1700 futura.
439 1634 486 1701 Ut
514 1638 601 1700 enim
629 1658 729 1721 aeque
756 1637 920 1702 doleamus
951 1638 1098 1719 [animo],

92 1745 164 1788 oum
188 1745 321 1807 corpore
345 1724 505 1807 dolemus,
532 1724 603 1788 fieri
624 1727 735 1789 tamen
757 1745 934 1810 permagna
957 1724 1097 1790 accessio

91 1814 214 1895 potest,
245 1811 273 1876 si
305 1810 437 1895 aliquod
463 1815 629 1876 aeternum
658 1815 691 1876 et
721 1812 884 1877 infinitum
914 1811 1097 1894 impendere

92 1898 214 1963 malum
239 1900 335 1964 nobis
363 1899 539 1983 opinemur.
588 1899 682 1976 Quod
708 1900 794 1964 idem
819 1900 896 1964 lieet
921 1900 1097 1964 transferre

92 1987 127 2049 in
144 1986 353 2071 voluptatem,
370 1990 408 2052 ut
426 2009 465 2052 ea
482 1988 587 2053 maior
603 1987 654 2071 sit,
676 1987 705 2051 si
722 1986 805 2052 nihil
822 1987 889 2052 tale
907 1990 1097 2052 metuamus.

91 2072 162 2138 Iam
180 2073 261 2138 illud
280 2074 408 2158 quidem
425 2076 631 2159 perspicuum
648 2077 712 2158 est,
730 2075 830 2139 animi
848 2075 1023 2139 maximam
1042 2078 1098 2140 aut
1116 2091 1149 2142 oc

92 2161 295 2244 voluptatem
318 2165 375 2227 aut
397 2163 581 2227 molestiam
597 2163 670 2246 plus
689 2165 745 2226 aut
763 2161 804 2227 ad
825 2162 955 2227 beatam
978 2166 1035 2227 aut
1057 2162 1099 2228 ad

91 2249 244 2313 miseram
267 2249 368 2313 vitam
391 2248 516 2313 adferre
538 2250 695 2314 momenti
721 2272 818 2333 quam
842 2272 953 2315 eorum
975 2254 1097 2316 utrum-

91 2337 155 2419 vis,
182 2337 211 2400 si
238 2357 336 2420 aeque
363 2336 418 2400 diu
444 2337 488 2401 eit
513 2337 548 2402 in
570 2359 711 2421 corpore.
755 2336 831 2403 Non
857 2338 966 2421 placet
988 2341 1097 2402 autem

93 2423 238 2488 detracta
259 2424 425 2507 voluptate
448 2425 684 2508 aegritudinem
706 2425 819 2490 statim
841 2426 1007 2509 consequi,
1032 2425 1097 2489 nisi

92 2512 127 2576 in
149 2511 328 2595 voluptatis
350 2510 457 2576 locum
481 2511 575 2576 dolor
598 2512 682 2578 forte
701 2513 903 2596 successerit3
926 2516 961 2577 at
983 2516 1098 2577 contra

92 2598 231 2682 gaudere
248 2602 377 2664 nosmet
396 2599 581 2664 omittendis
600 2600 779 2683 doloribus,
802 2601 929 2665 etiamsi
946 2599 1096 2683 voluptas

92 2707 142 2770 ea,
165 2707 247 2771 quae
270 2708 400 2751 sensum
422 2690 565 2770 moveat,
587 2688 679 2752 nulla
700 2689 902 2771 successerit3
927 2709 1027 2772 eoque
1049 2688 1096 2751 in·

90 2774 203 2857 tellegi
229 2777 351 2858 potest,
379 2779 499 2859 quanta
524 2775 675 2858 voluptas
702 2775 837 2841 sitnon
864 2775 980 2841 dolere.
1032 2773 1096 2840 Sed
1115 2792 1148 2841 57

90 2864 127 2926 ut
148 2862 189 2925 iis
213 2862 305 2927 bonis
325 2863 491 2947 erigimur,
514 2883 594 2945 quae
613 2866 849 2946 exspectamus,
872 2863 919 2928 sic
938 2864 1097 2927 laetamur

89 2948 144 3032 iis,
168 2970 249 3031 quae
271 2950 482 3014 recordamur.
519 2947 619 3034 Stulti
637 2954 745 3014 autem
764 2950 923 3015 malorum
940 2951 1096 3015 memoria

89 3040 293 3120 torquentur,
329 3038 493 3120 sapientes
528 3036 616 3102 bona
653 3038 828 3121 praeterita
863 3041 957 3121 grata
992 3060 1096 3104 reeor-

90 3121 219 3186 datione
237 3127 393 3188 renovata
411 3124 583 3189 delectant.
618 3125 681 3189 Est
699 3128 806 3189 autem
822 3126 921 3190 situm
939 3126 975 3189 in
991 3127 1096 3209 nobis,

89 3213 126 3275 ut
153 3213 186 3272 εὴ
214 3209 347 3275 adversa
373 3212 465 3294 quasi
491 3216 648 3295 perpetua
675 3212 837 3278 oblivione
867 3213 1040 3279 obruamus
1064 3218 1097 3278 et

89 3298 227 3363 secunda
249 3297 385 3363 iucunde
413 3319 451 3364 ao
478 3300 621 3364 suaviter
645 3300 892 3366 meminerimus.
938 3297 1001 3367 Sed
1023 3323 1095 3366 eum

90 3406 141 3469 ea,
169 3407 249 3470 quae
276 3385 525 3471 praeterierunt,
553 3387 620 3453 acri
647 3388 754 3452 animo
778 3390 812 3453 et
841 3392 968 3454 attento
991 3390 1094 3452 intue-

89 3495 175 3559 mur,
198 3478 267 3539 tum
285 3474 336 3557 fit,
358 3477 396 3538 ut
413 3473 582 3558 aegritudo
602 3478 768 3560 sequatur,
789 3475 818 3540 si
839 3476 897 3541 illa
914 3477 1001 3541 mala
1019 3476 1095 3560 sint,
