2476 3848
458 175 777 240 ·—264-

143 339 266 405 nostris
288 342 345 404 aut
367 339 494 404 vincere
517 341 574 402 cut
593 337 702 401 emori.
746 336 817 413 Qua
836 337 965 420 quidem
984 358 1019 402 re
1038 338 1152 405 audita

142 427 282 492 fractum
306 428 450 492 animum
463 425 656 491 Hannibalis
675 425 789 489 scribit
802 424 897 509 idem,
917 425 1002 510 quod
1017 430 1151 493 senatus

143 512 879 686 llsslltttlllrttit‘iltptllllttl
894 514 1152 684 {lsltlttss

91 707 142 757 115
156 691 260 774 utilia,
277 691 457 756 vincuntur.
485 689 519 755 Ο.
534 690 658 754 Acilius
674 694 791 772 autern,
807 689 863 774 qui
877 689 999 754 Graece
1018 691 1152 777 scripsit

143 779 323 862 historiam,
345 779 454 863 plures
478 778 526 842 ait
547 776 656 861 trisse,
680 778 734 861 qui
756 777 791 841 in
814 781 921 842 castra
938 778 1153 844 revertissent

144 867 256 932 eadem
278 866 406 949 fraude,
428 869 466 931 ut
487 865 557 928 iure
579 865 713 929 iurando
737 865 965 949 liberarentur,
989 886 1108 950 eosque
1132 889 1152 932 a

144 954 331 1021 censoribus
355 954 504 1018 omnibus
522 953 712 1037 ignominiis
728 957 869 1018 notatos.
901 951 951 1017 Sit
968 953 1035 1018 iam
1053 955 1152 1020 huius

144 1042 209 1107 loci
226 1043 309 1106 finis.
340 1041 550 1126 Perspicuum
569 1044 618 1105 cst
637 1041 723 1106 enim
737 1063 784 1125 ea,
805 1063 887 1124 quae
901 1041 1016 1106 timido
1031 1043 1150 1126 animo,

144 1130 274 1213 humili,
302 1129 440 1194 demisso
461 1129 629 1212 fractoque
650 1129 745 1213 fiant,
775 1130 870 1211 quale
891 1128 1009 1194 fuisset
1030 1129 1152 1217 Reguli

144 1218 276 1301 factum,
300 1218 329 1282 si
351 1221 409 1282 aut
431 1217 469 1283 de
493 1216 644 1302 captivis,
671 1217 756 1301 quod
778 1217 843 1303 ipsi
865 1239 947 1301 opus
970 1239 1041 1283 esse
1066 1218 1152 1284 ride·

145 1309 244 1388 retur,
266 1327 332 1369 non
355 1306 440 1388 quod
461 1305 509 1369 rei
531 1305 690 1389 publicae,
713 1305 891 1369 censuisset
914 1308 970 1369 aut
993 1306 1082 1371 domi
1104 1327 1152 1372 re-

145 1415 275 1458 manere
297 1393 462 1477 voluisset,
484 1414 551 1457 non
574 1413 644 1456 esse
666 1393 770 1476 utilia,
793 1393 870 1477 quia
893 1393 960 1456 sint
976 1393 1152 1480 flagitiosa,

144 1481 249 1565 foeda,
271 1482 388 1566 turpia.

92 1540 145 1665 ᾗῇ
211 1571 328 1635 Restat
351 1573 466 1654 quarta
484 1590 571 1653 pars,
596 1589 677 1653 quae
696 1567 817 1651 decore,
835 1568 1066 1653 moderatione,
1084 1591 1152 1634 mo-

147 1659 257 1740 destia,
271 1657 478 1740 continentia,
488 1655 704 1740 temperantia
719 1656 912 1721 continetur.
925 1656 1040 1721 Potest
1047 1656 1152 1742 igitur

146 1747 317 1830 quicquam
347 1746 428 1809 utile
456 1766 538 1826 esse,
570 1744 656 1827 quod
683 1743 727 1808 sit
753 1743 828 1808 huic
850 1744 967 1808 talium
991 1743 1151 1809 virtutum

146 1835 243 1899 choro
263 1833 481 1898 contrarium?
504 1831 608 1916 Atqui
627 1831 668 1895 ab
682 1831 853 1916 Aristippo
868 1830 1035 1915 Cyrenaici
1053 1835 1152 1917 atque

145 1920 311 1986 Annicerii
332 1919 519 2003 philosophi
541 1919 702 1983 nominati
723 1941 818 1984 omne
843 1920 965 1985 bonum
986 1920 1022 1984 in
1039 1921 1152 2005 volup·

145 2012 214 2073 tate
240 2011 418 2092 posuerunt
445 2008 662 2089 virtutemque
689 2012 881 2072 censuerunt
908 2009 950 2073 ob
978 2030 1050 2073 eam
1082 2031 1151 2073 rem

146 2117 217 2160 esse
230 2095 433 2178 laudandam,
453 2094 538 2178 quod
556 2094 698 2159 efficiens
717 2099 802 2160 esset
816 2096 1003 2180 voluptatis.
1027 2094 1153 2171 Quibus

147 2183 303 2248 obsoletis
326 2183 420 2247 floret
442 2181 611 2266 Epicurus,
634 2183 861 2248 eiusdemfere
880 2184 1008 2248 adiutor
1026 2188 1154 2250 auctor-

147 2291 208 2355 que
227 2271 414 2335 sententiae.
447 2269 597 2335 (lumbis
617 2269 707 2335 ‘viris
726 2270 900 2356 equisque',
918 2276 956 2337 ut
974 2271 1101 2356 dicitur,
1124 2273 1154 2337 si

145 2357 350 2423 honestatem
372 2358 457 2423 tueri
480 2380 517 2423 ac
539 2358 678 2423 retinere
706 2360 867 2424 sententia
895 2364 957 2444 est,
989 2360 1155 2425 decertan-

94 2461 144 2511 117
160 2446 236 2511 dum
260 2450 318 2511 est.
349 2445 436 2512 Nam
458 2445 574 2511 sinon
597 2446 692 2511 modo
715 2448 852 2531 utilitas,
875 2448 931 2512 sed
954 2448 1022 2512 vita
1045 2448 1153 2513 omnis

145 2535 243 2600 beata
266 2534 409 2618 corporis
432 2536 528 2598 firma
545 2535 776 2599 constitutione
798 2535 929 2619 eiusque
948 2536 1154 2601 constitutio·

145 2623 196 2687 nis
221 2644 278 2707 spe
301 2624 477 2706 explorata,
499 2625 537 2685 ut
560 2644 579 2686 a
601 2622 787 2687 Metrodoro
811 2623 968 2708 scriptum
991 2627 1054 2707 est,
1079 2645 1155 2689 con·

145 2712 282 2794 tinetur,
314 2714 399 2775 certe
430 2711 510 2775 haec
541 2711 681 2793 utilitas,
717 2715 749 2774 et
782 2711 910 2794 quidem
938 2733 1065 2776 summa
1092 2710 1154 2796 (sic

146 2800 231 2864 enim
268 2797 427 2883 censent),
463 2820 537 2863 cum
568 2798 739 2862 honestate
766 2799 935 2885 pugnabit.
979 2797 1067 2864 Nam
1095 2799 1154 2863 ubi

145 2889 286 2972 primum
314 2885 504 2971 prudentiae
540 2886 629 2950 locus
659 2886 810 2951 dabitur?
845 2909 887 2951 an
917 2891 955 2952 ut
982 2886 1154 2971 conquirat
1168 2906 1195 2947 eo

145 2976 286 3057 undiquc
319 2973 518 3039 suavitates?
559 2972 663 3049 Quam
685 2974 785 3039 miser
808 2974 940 3040 virtutis
974 2974 1155 3039 famulatus

147 3062 318 3126 servientis
341 3062 517 3145 voluptati!
550 3060 642 3137 Quod
665 3065 774 3127 autem
801 3085 917 3128 munus
941 3063 1155 3148 prudentiae?

146 3170 188 3213 an
207 3149 315 3232 legere
335 3149 563 3234 intellegenter
580 3150 788 3234 voluptates?
814 3150 879 3216 Fac
896 3151 980 3216 nihil
997 3151 1063 3215 isto
1083 3172 1155 3216 esse

146 3236 323 3319 iucundius,
348 3236 424 3318 quid
446 3237 584 3322 cogitari
606 3242 716 3322 potest
737 3239 888 3323 turpius?
915 3238 995 3323 Iam,
1021 3238 1077 3323 qui
1100 3239 1155 3303 do

147 3325 250 3388 lorem
274 3346 435 3388 summum
457 3326 580 3390 malum
603 3325 701 3409 dicat,
729 3327 815 3411 apud
838 3349 912 3393 eum
936 3349 1031 3412 quem
1053 3327 1198 3392 habetes

146 3412 253 3477 locum
276 3411 449 3495 fortitudo,
481 3433 563 3496 quae
590 3417 642 3478 est
668 3414 817 3480 dolorum
846 3416 1059 3498 laborumque
1082 3436 1158 3480 con-

65 3470 308 3630 Nptio?
339 3498 494 3576 Quamvis
522 3501 607 3566 enim
635 3502 747 3567 multis
770 3503 852 3569 locis
875 3504 963 3570 dicat
984 3502 1158 3589 Epicurus,
