2476 3848
469 189 622 256 -329
669 227 710 238 -

92 353 296 418 tolerabilius
327 352 397 417 fieri
427 356 546 436 potest.
595 352 704 437 Atque
734 353 796 418 hoc
828 353 957 436 quidem
988 352 1096 418 videre
1173 404 1176 410 .

92 442 182 524 licet,
210 462 279 523 eos,
308 440 363 524 qui
386 444 483 505 antea
505 441 680 505 commodis
703 439 825 505 fuerint
851 439 1009 526 moribus,
1036 441 1096 506 im-

92 530 191 614 perio,
213 531 390 613 potestate,
411 528 575 613 prosperis
598 529 694 593 rebus
717 528 898 608 inmutari[‚
922 529 1031 614 sperni
1054 529 1095 593 ab

91 618 132 680 iis
164 619 289 681 veteres
321 615 494 698 amicitias,
525 616 686 701 indulgeri
712 615 829 696 novis]⁸
874 614 958 691 Quid
987 619 1096 682 autem
1114 631 1149 683 11

92 704 225 769 stultius
244 726 351 788 quam,
369 704 636 788 cumplurimum
654 702 764 788 copiis,
786 703 1007 788 facultatibus,
1029 704 1096 789 opi-

91 794 152 857 bus
183 792 327 877 possint,
356 795 464 857 cetera
494 813 622 876 parare,
653 797 735 874 quae
766 796 924 876 parantur
953 793 1096 877 pecunia,

92 902 201 964 equos,
222 880 372 962 famulos,
395 882 519 945 vestem
541 878 720 964 egregiam,
743 902 822 944 vasa
844 879 996 964 pretiosa,
1019 881 1096 944 ami·

91 991 146 1033 cos
169 989 235 1032 non
256 988 385 1053 parare,
413 970 580 1052 optumam
603 971 636 1031 et
658 967 910 1051 pulcherrimam
933 968 1032 1045 vitae,
1059 971 1096 1031 ut

92 1058 140 1120 ita
162 1055 279 1133 dicam,
307 1055 563 1140 supellectilem?
594 1055 713 1119 etenim
741 1059 848 1121 cetera
874 1058 1097 1140 comparant,

93 1143 144 1208 cui
166 1147 295 1228 parent,
321 1142 481 1224 nesciunt,
509 1164 569 1208 nee
596 1143 686 1208 cuius
712 1165 809 1209 causa
836 1144 986 1209 laborent
1013 1140 1096 1229 (eius

93 1231 177 1296 enim
201 1234 252 1295 est
269 1230 407 1295 istorum
429 1230 577 1313 quidque,
600 1230 656 1314 qui
674 1230 753 1296 vicit
770 1228 918 1316 viribus),
942 1232 1097 1297 amicitia-

91 1341 164 1382 rum
188 1339 246 1382 sua
268 1319 382 1402 cuique
404 1321 573 1402 permanet
597 1318 725 1382 stabilis
749 1323 782 1382 et
805 1323 893 1384 certa
919 1320 1097 1403 possessi03

91 1411 141 1484 ut,
169 1406 298 1471 etiamsi
320 1407 378 1470 illa
400 1408 565 1488 maneant,
594 1427 675 1489 quae
699 1409 775 1470 sunt
797 1407 890 1489 quasi
913 1405 997 1471 dona
1019 1406 1096 1471 For·

92 1499 204 1577 tunae,
231 1499 341 1559 tamen
363 1493 432 1559 vita
458 1493 582 1560 inculta
608 1496 642 1558 et
669 1495 796 1558 deserta
823 1495 864 1558 ab
893 1493 1004 1559 amicis
1031 1515 1097 1560 non

91 1583 196 1668 possit
220 1604 290 1647 esse
311 1581 459 1646 iucunda.
505 1579 567 1644 Sed
588 1582 668 1646 haec
691 1581 855 1646 hactenus.
1140 1637 1143 1643 .

158 1668 384 1735 Constituendi
401 1672 510 1734 autem
528 1672 615 1753 sunt,
637 1668 692 1752 qui
710 1669 776 1734 sint
798 1668 832 1733 in
850 1668 994 1734 amicitia
1014 1670 1094 1734 fines
1107 1648 1148 1775 152

92 1762 125 1822 et
148 1758 241 1841 quasi
264 1757 395 1821 termini
418 1756 581 1842 diligendi.
617 1757 666 1823 De
690 1758 806 1841 quibus
829 1760 896 1821 tres
916 1757 1008 1823 video
1027 1778 1096 1821 sen-

92 1847 211 1910 tentias
233 1845 325 1929 ferri,
349 1867 485 1928 quarum
507 1846 632 1910 nullam
654 1846 771 1930 probo,
793 1867 903 1927 unam,
926 1848 962 1909 ut
984 1844 1095 1910 eodem

92 1935 187 1998 modo
215 1954 294 2018 erga
321 1933 460 1997 amicum
488 1933 606 1998 adfecti
633 1934 747 2017 simus,
775 1954 838 2017 quo
867 1952 945 2017 erga
967 1937 1096 1998 nosmet

92 2021 190 2104 ipsos,
214 2021 366 2102 alteram,
387 2024 425 2083 ut
446 2025 560 2086 nostra
582 2022 617 2085 in
639 2022 760 2087 amicos
783 2020 1002 2086 benivolentia
1024 2021 1095 2086 illo-

91 2130 164 2171 rum
188 2129 266 2192 erga
287 2128 347 2172 nos
371 2108 608 2174 benivolentiae
635 2109 758 2194 pariter
785 2109 1026 2193 aequaliterque
1049 2131 1095 2174 re

92 2195 262 2278 spondeat,
294 2195 439 2279 tertiam,
470 2201 520 2279 ut,
548 2197 661 2281 quanti
688 2197 823 2281 quisque
851 2218 885 2261 se
912 2197 982 2281 ipso
1008 2196 1096 2277 facit,

91 2281 177 2346 tanti
198 2282 258 2346 fiat
281 2283 322 2346 ab
346 2285 466 2350 amicis
501 2284 627 2349 Harum
644 2284 744 2350 trium
762 2284 995 2351 sententiarum
1013 2285 1096 2349 nulli
1114 2301 1147 2349 11

92 2390 224 2454 prorsus
248 2369 420 2436 adsentior.
460 2371 528 2436 Nec
551 2371 635 2434 enim
658 2370 717 2435 illa
739 2371 845 2454 prima
868 2393 944 2436 vera
967 2374 1025 2453 est,
1049 2376 1095 2454 ut,

93 2479 188 2541 quem
212 2457 253 2522 ad
275 2458 406 2522 modum
428 2458 463 2522 in
486 2479 520 2522 so
543 2457 678 2540 quisque
701 2457 755 2538 sit,
778 2458 824 2524 sie
843 2458 878 2521 in
896 2457 1034 2523 amicum
1052 2459 1096 2522 sit

92 2545 264 2610 animatus
301 2543 404 2619 Quam
422 2544 526 2608 multa
544 2544 638 2628 enim,
661 2566 743 2627 quae
760 2548 874 2608 nostra
891 2566 988 2609 causa
1005 2565 1095 2608 num·

92 2656 190 2717 quam
212 2633 399 2715 faceremus,
422 2632 556 2697 facimus
580 2653 677 2697 causa
699 2631 886 2695 amicorum!
909 2631 1034 2714 precari
1053 2633 1094 2696 ab

91 2722 241 2806 indigno,
268 2719 463 2804 supplicare,
491 2723 562 2784 tum
589 2718 734 2786 acerbius
761 2718 795 2781 in
823 2718 963 2800 aliquem
985 2718 1094 2783 invehi

93 2808 306 2890 insectarique
330 2808 564 2890 vehementius,
592 2828 673 2891 quae
700 2806 734 2870 in
761 2805 883 2870 nostris
911 2805 1006 2869 rebus
1029 2827 1094 2870 non

93 2896 172 2959 satis
191 2895 336 2977 honeste,
353 2895 388 2960 in
406 2896 582 2961 amicorum
600 2896 683 2960 fiunt
699 2892 940 2975 honestissima
960 2892 1094 2959 multae·

93 3005 154 3066 que
176 3003 227 3046 res
251 2987 340 3066 sunt,
366 2982 401 3047 in
428 2983 545 3067 quibus
573 2983 611 3046 de
639 2982 705 3047 suis
734 2980 910 3046 commodis
934 2980 995 3044 viri
1017 2981 1095 3046 boni

92 3070 196 3135 multa
223 3068 398 3137 detrahunt
424 3070 614 3154 detrahique
645 3069 827 3153 patiuntur,
858 3071 895 3133 ut
926 3067 966 3133 iis
1000 3069 1094 3136 amiei

90 3158 199 3243 potius
223 3179 322 3241 quam
341 3158 404 3243 ipsi
422 3158 579 3222 fruantur.
616 3157 730 3221 Altera
749 3156 910 3222 sententia
932 3159 990 3240 est,
1012 3180 1094 3241 quae
1112 3172 1146 3225 18

91 3246 202 3310 definit
221 3246 398 3311 amicitiam
416 3247 549 3330 paribus
569 3244 683 3311 officiis
703 3266 740 3310 ac
757 3244 991 3311 voluntatibus.
1022 3245 1096 3319 Hoc

90 3333 219 3416 quidem
241 3337 291 3398 est
313 3333 410 3398 nimis
433 3333 546 3417 exigue
565 3336 598 3398 et
616 3332 743 3398 exiliter
760 3332 801 3398 ad
819 3333 961 3400 calculos
978 3355 1019 3401 ro

90 3421 280 3504 amicitiam,
307 3424 344 3485 ut
372 3443 432 3506 par
458 3421 503 3486 sit
529 3421 614 3487 ratio
642 3423 846 3505 acceptorum
874 3425 907 3489 et
935 3422 1011 3488 dato

89 3507 231 3574 Divitior
253 3508 335 3574 mihi
357 3513 402 3597 et.
414 3508 599 3574 affluentior
619 3508 746 3576 videtur
764 3529 835 3577 esse
852 3531 930 3577 vera
950 3508 1046 3577 amici
1062 3508 1072 3525 '
1148 3498 1152 3569 ¹.
