2476 3848
545 159 781 225 ’444-
875 204 905 245 aa.

160 340 232 383 eum
250 319 370 402 ipsum,
389 340 461 383 cum
478 318 579 382 forem
599 317 737 382 cubiculi
754 316 924 400 clauserat,
943 316 1171 401 detorquebat.

158 406 309 490 Idemque
332 427 405 471 cum
427 406 462 470 in
479 405 701 470 communibus
720 406 882 491 suggestis
905 404 1083 470 consistere
1100 427 1171 472 non

108 512 142 561 eo
161 493 304 576 auderet,
331 494 511 558 contionari
538 515 577 556 ex
609 494 690 557 turri
722 494 789 558 alta
816 492 951 558 solebat.
1000 491 1111 576 Atque
1140 494 1170 559 is

160 602 232 646 cum
264 582 331 663 pila
358 580 466 645 ludere
492 581 590 644 vellet
616 577 771 663 (studiose
799 581 885 644 enim
916 580 950 644 id
977 579 1169 663 factitabat)

159 669 363 750 tunicamque
383 670 528 750 poneret,
546 667 799 750 adulescentulo,
818 689 914 751 quem
935 668 1076 752 amabat,
1098 673 1168 733 tra·

160 754 277 819 didisse
304 753 447 839 gladium
475 753 600 819 dicitur.
650 753 712 819 Hic
739 777 812 819 cum
839 755 971 839 quidam
993 755 1169 821 familiaris

159 843 268 908 iocans
296 843 441 907 dixisset:
474 840 587 905 ‘Huic
615 842 764 925 quidem
793 847 896 907 certe
919 844 1039 906 vitam
1061 846 1168 908 tuam

160 928 401 1012 committis',
419 929 648 1012 adrisissetque
665 929 862 1012 adulescens,
880 935 1050 1013 utrumque
1070 931 1170 996 iussit

159 1019 308 1100 interfici,
336 1018 485 1099 alterum,
516 1018 592 1100 quia
618 1017 704 1081 viam
735 1017 1024 1082 demonstravisset
1053 1018 1168 1083 interi·

160 1105 267 1168 mendi
286 1105 349 1186 sui,
367 1104 518 1188 alterum,
539 1104 616 1188 quia
634 1105 756 1168 dictum
773 1105 807 1169 id
824 1105 891 1169 risu
911 1105 1168 1187 adprobavisset

159 1191 266 1275 Atque
289 1213 326 1256 eo
353 1191 439 1255 facto
464 1192 509 1256 sic
532 1191 647 1274 doluit,
674 1191 756 1256 nihil
778 1196 816 1256 ut
842 1192 955 1256 tulerit
977 1193 1109 1275 gravius
1132 1194 1168 1257 in

159 1280 239 1363 vita;
266 1301 361 1363 quem
388 1279 472 1344 enim
500 1280 703 1344 vehementer
731 1282 869 1363 amarat,
895 1281 1063 1344 occiderat.
1114 1277 1168 1346 Sic

160 1366 382 1432 distrahuntur
404 1368 439 1431 in
462 1367 638 1432 contrarias
663 1367 767 1450 partis
793 1368 1020 1450 impotentium
1043 1368 1168 1451 eupidi-

159 1458 251 1519 tates.
295 1452 375 1519 Cum
398 1454 473 1519 huic
496 1454 666 1519 obsecutus
690 1455 748 1538 sis,
771 1455 819 1518 illi
842 1458 892 1519 est
914 1455 1168 1538 repugnandum.

107 1525 147 1652 {¹1
226 1542 426 1626 Quamquam
457 1541 510 1606 hic
542 1542 669 1626 quidem
701 1545 859 1626 tyrannus
895 1543 966 1625 ipse
1001 1542 1167 1627 iudicarit,

160 1653 256 1714 quam
287 1634 370 1695 esset
398 1632 521 1694 beatus.
573 1628 658 1694 Nam
688 1650 759 1694 cum
789 1630 920 1713 qnidam
947 1651 986 1694 ex
1013 1630 1081 1694 eius
1112 1632 1168 1695 ad-

160 1718 390 1802 sentatoribuS,
426 1716 610 1802 Damocles,
647 1720 911 1783 commemoraret
947 1718 982 1782 in
1017 1739 1169 1784 sermone

160 1807 268 1888 copias
287 1805 368 1887 eius,
391 1826 484 1888 opes,
502 1805 705 1869 maiestatem
724 1805 921 1887 dominatus,
938 1825 1045 1868 rerum
1065 1805 1169 1871 abun·

160 1894 316 1974 dentiam,
339 1891 612 1975 magnificentiam
636 1891 762 1955 aedium
784 1892 944 1976 regiarum
969 1895 1169 1977 negaretque

159 2001 312 2063 umquam
344 1979 521 2042 beatiorem
553 2000 745 2061 quemquam
776 1978 890 2063 fuisse,
922 1978 1059 2044 ‘Visne
1091 1980 1168 2064 igi-

160 2066 251 2147 tur',
277 2066 394 2147 inquit,
423 2063 457 2129 ‘o
485 2063 679 2149 Damocle,
708 2067 888 2149 quoniam
910 2070 946 2130 te
969 2066 1063 2130 haec
1084 2067 1170 2132 rita

160 2153 340 2235 delectat,
368 2153 450 2234 ipse
477 2174 557 2216 eam
585 2153 792 2236 degustare
821 2159 858 2219 et
885 2154 1080 2219 fortunam
1103 2176 1167 2220 ex·

159 2239 280 2323 periri
312 2238 467 2302 meam?'
520 2238 602 2305 Cum
629 2262 663 2304 se
689 2240 746 2304 ille
774 2263 887 2325 cupere
914 2242 1061 2324 dixisset,
1092 2263 1169 2308 eon·

159 2327 259 2392 locari
286 2327 383 2391 iussit
408 2326 572 2391 hominem
599 2329 634 2391 in
657 2350 753 2393 aureo
781 2330 865 2394 lecto
893 2332 995 2393 strato
1017 2329 1168 2412 pulcher-

160 2416 241 2479 rimo
261 2415 368 2478 textili
383 2414 536 2499 stragulo,
555 2417 734 2500 magnificis
749 2416 899 2500 operibus
917 2419 1014 2500 picto,
1032 2414 1168 2482 abacos·

159 2524 219 2586 que
243 2503 414 2586 compluris
439 2504 567 2567 ornavit
589 2509 723 2588 argento
746 2525 886 2586 auroque
910 2505 1041 2569 caelato.
1082 2503 1168 2569 'lum

160 2590 200 2654 ad
222 2612 366 2656 mensam
390 2591 507 2654 eximia
533 2590 638 2655 forma
664 2612 781 2673 pueros
810 2590 948 2656 delectos
972 2591 1068 2655 iussit
1091 2612 1167 2656 con·

160 2679 273 2743 sistere
301 2700 417 2761 eosque
439 2681 554 2742 nutum
581 2677 667 2741 illius
691 2678 847 2742 intuentis
876 2678 1047 2762 diligenter
1070 2679 1169 2743 mini-

109 2783 142 2830 ea
162 2771 271 2830 strare.
303 2766 448 2829 Aderant
465 2769 637 2849 unguenta,
656 2786 801 2847 coronae,
819 2765 1073 2830 incendebantur
1092 2766 1169 2831 odo·

160 2875 224 2938 res,
242 2874 372 2917 mensae
391 2852 669 2935 conquisitissimis
692 2853 794 2934 epulis
813 2853 1051 2918 extruebantur.
1089 2852 1168 2919 For·

159 2944 292 3005 tunatus
334 2939 396 3004 sibi
437 2937 608 3003 Damocles
644 2939 821 3004 videbatur.
886 2940 925 3005 In
961 2939 1023 3004 boc
1059 2941 1171 3006 medio

161 3030 317 3110 apparatu
343 3027 521 3112 fulgentem
549 3025 691 3109 gladium
719 3048 736 3089 e
764 3027 907 3092 lacunari
934 3031 1023 3092 saeta
1050 3029 1172 3112 equina

160 3118 271 3196 aptum
312 3113 437 3177 demitti
478 3115 591 3195 iussit,
628 3117 665 3178 ut
707 3114 906 3196 impenderet
948 3114 1037 3179 illius
1080 3115 1171 3181 beati

160 3200 344 3266 cervicibus.
402 3200 516 3285 Itaque
547 3223 607 3266 nee
638 3201 790 3284 pulchros
822 3201 895 3266 illos
927 3203 1171 3268 ministratores

160 3287 338 3370 aspiciebat
367 3310 426 3352 nec
456 3289 587 3372 plenum
624 3291 704 3353 artis
738 3292 907 3373 argentum
938 3310 997 3353 nec
1033 3311 1170 3355 manum

159 3376 347 3460 porrigebat
368 3375 403 3439 in
427 3397 584 3460 mensam,
609 3376 674 3440 iam
696 3377 785 3460 ipsae
808 3377 990 3441 defluebant
1013 3398 1173 3465 coronae,

92 3510 115 3634 Ι
160 3463 295 3548 denique
314 3464 457 3528 exoravit
475 3467 664 3548 tyrannum,
687 3467 724 3528 ut
742 3464 831 3529 abire
850 3464 974 3548 liceret,
996 3465 1083 3548 quod
1103 3466 1171 3532 iam
