2476 3848
545 183 786 248 -202-

45 382 48 388 ·
164 345 258 407 tanta
280 341 330 407 vis
353 345 416 424 est,
438 344 476 406 ut
497 362 538 405 nc
556 340 606 404 illi
629 339 772 424 quidem,
796 340 851 423 qui
869 340 1028 404 maleficio
1052 344 1085 405 et
1104 363 1171 407 sce-

165 432 231 494 lere
258 433 443 514 pascuntur,
475 428 602 513 possint
635 428 703 492 sine
734 428 804 492 ulla
834 428 995 511 particula
1022 428 1170 494 iustitiae

164 518 279 582 vivere.
324 516 411 581 Nam
430 517 485 601 qui
508 538 619 581 eorum
637 515 790 600 cuipiam,
810 515 866 598 qui
888 536 952 580 una
975 515 1170 581 latrocinan-

165 610 228 688 tur,
249 605 378 670 furatur
401 604 524 687 aliquid
547 608 603 669 aut
627 603 736 688 eripit,
755 603 783 667 is
802 602 924 667 sibine
942 603 977 667 in
995 604 1169 670 latrocinio

165 693 295 777 quidem
322 693 476 776 relinquit
503 693 623 772 locum,
651 692 708 756 ille
736 694 859 773 autem,
886 691 941 773 qui
970 692 1170 776 archipirata

166 781 292 863 dicitur,
306 781 374 844 nisi
393 779 607 863 aequabiliter
624 778 778 861 praedam
798 778 977 862 dispertiat,
997 784 1054 843 aut
1072 780 1170 844 inter·

164 869 292 934 ficiatur
320 890 339 932 a
371 867 466 932 sociis
499 869 556 931 aut
587 867 801 950 relinquatur3
838 866 916 949 quin
947 866 1046 930 etiam
1078 867 1169 953 leges

165 957 331 1020 latronum
358 977 428 1019 esse
456 955 612 1037 dicuntur,
640 954 757 1037 quibus
780 957 930 1037 pareant,
957 976 1037 1037 quas
1061 955 1170 1019 obser-

165 1046 250 1107 vent.
282 1042 397 1125 Itaque
420 1046 553 1126 propter
572 1041 773 1124 aequabilem
796 1041 934 1126 praedae
956 1042 1170 1125 partitionem

165 1134 198 1195 et
220 1129 372 1194 Bardulis
394 1129 526 1213 Illyrius
549 1131 644 1212 latro,
667 1129 706 1193 de
729 1150 792 1213 quo
816 1133 867 1193 est
890 1130 974 1213 apud
988 1129 1169 1215 Theopom-

94 1215 99 1222 ’
165 1241 256 1304 pum,
279 1239 415 1303 magnas
439 1239 515 1302 opes
533 1216 649 1281 habuit
672 1220 705 1280 et
722 1218 827 1281 multo
846 1217 984 1282 maiores
997 1217 1169 1284 Viriathus

164 1306 354 1389 Lusitanus,
377 1305 428 1370 cui
451 1305 580 1388 quidem
602 1305 701 1369 etiam
725 1305 883 1369 exercitus
906 1306 1011 1370 nostri
1029 1306 1170 1390 impera-

165 1398 316 1477 toresque
344 1397 522 1476 cesserunt,
550 1415 645 1477 quem
673 1391 707 1458 Ο.
730 1393 873 1475 Laelius,
901 1393 929 1456 is
953 1395 1008 1477 qui
1032 1392 1168 1479 Sapiens

165 1487 353 1566 usurpatur,
372 1485 503 1566 praetor
520 1481 620 1567 fregit
644 1484 676 1545 et
695 1480 884 1546 comminuit
901 1480 1169 1566 ferocitatemque

166 1571 233 1634 eius
260 1570 309 1634 ita
335 1569 502 1653 repressit,
529 1573 566 1634 ut
592 1569 687 1634 facile
714 1569 836 1633 bellum
859 1569 992 1652 reliquis
1014 1570 1168 1635 traderet.

165 1657 249 1723 Oum
270 1658 372 1743 igitur
395 1657 558 1721 tartaris
580 1657 726 1721 iustitiae
749 1657 802 1740 sit,
824 1659 862 1720 ut
885 1679 923 1721 ea
946 1657 1045 1722 etiam
1067 1659 1169 1722 latro-

165 1768 244 1811 num
262 1768 339 1829 opes
357 1745 465 1809 firmet
484 1747 580 1828 atque
600 1747 731 1829 augeat,
746 1749 901 1827 quantam
915 1744 982 1809 eius
996 1746 1063 1810 vim
1082 1746 1169 1810 inter

167 1834 256 1919 leges
280 1837 312 1896 et
334 1832 453 1896 iudicia
476 1831 561 1896 etin
584 1832 762 1897 constituta
780 1854 815 1896 re
833 1832 964 1915 publica
985 1833 1055 1897 fore
1073 1837 1169 1918 puta-

112 1955 146 2003 41
166 1921 260 1985 mus?
304 1920 386 1983 Mihi
414 1919 543 2003 quidem
570 1941 637 1983 non
663 1920 749 2004 apud
770 1919 882 1984 Medos
910 1922 1029 2003 solum,
1056 1925 1093 1984 ut
1121 1922 1169 1986 ait

164 2007 363 2090 Herodotus,
391 2006 569 2071 sedetiam
595 2007 682 2090 apud
708 2007 846 2072 maiores
868 2012 998 2074 nostros
1021 2009 1166 2074 iustitiae

164 2094 317 2159 fruendae
340 2115 438 2158 causa
460 2094 610 2159 videntur
633 2095 711 2159 olim
734 2095 816 2161 bene
838 2097 957 2161 morati
979 2119 1073 2182 reges
1092 2120 1168 2163 con·

165 2181 282 2245 stituti.
316 2179 403 2245 Nam
418 2204 490 2246 cum
513 2186 713 2267 premeretur
735 2183 829 2268 inops
852 2184 1027 2249 multitudo
1051 2186 1093 2250 ab
1116 2186 1167 2269 iis,

166 2269 221 2352 qui
238 2269 377 2333 maiores
391 2291 469 2354 opes
487 2269 661 2354 habebant,
675 2271 715 2335 ad
728 2293 828 2335 unum
842 2271 984 2354 aliquem
1001 2273 1168 2358 confugie-

164 2357 244 2421 bant
266 2356 387 2421 virtute
410 2361 645 2440 praestantem3
669 2359 725 2441 qui
748 2381 820 2423 cum
842 2359 1031 2442 prohiberet
1048 2359 1168 2424 iniuria

164 2444 341 2526 tenuiores,
363 2445 524 2527 aequitate
547 2446 773 2510 constituenda
792 2468 934 2511 summos
954 2469 1027 2511 cum
1044 2447 1165 2512 infimis

164 2533 235 2616 pari
252 2533 320 2597 iure
339 2532 509 2596 retinebat.
538 2532 723 2617 Eademque
742 2533 1040 2598 constituendarum
1057 2535 1167 2620 legum

110 2635 145 2685 42
163 2620 226 2684 fuit
249 2641 358 2704 causa,
387 2642 468 2703 quae
495 2641 618 2705 regum.
662 2620 717 2684 Ius
740 2620 826 2685 enim
848 2642 975 2705 semper
998 2626 1048 2686 cst
1070 2645 1167 2706 quae·

165 2709 265 2773 situm
292 2708 475 2791 aequabile3
501 2730 604 2791 neque
632 2709 716 2772 enim
744 2707 840 2771 aliter
864 2713 951 2773 esset
972 2709 1033 2773 ius.
1076 2709 1114 2774 Id
1138 2711 1167 2775 si

164 2797 205 2860 ab
228 2817 292 2860 uno
320 2797 406 2860 iusto
435 2800 468 2860 et
494 2796 580 2860 bono
607 2795 677 2860 riro
701 2796 989 2880 consequebantur,
1012 2801 1105 2862 erant
1128 2820 1166 2863 eo

165 2883 321 2965 contenti3
358 2905 431 2948 cum
462 2883 496 2947 id
521 2883 627 2947 minus
655 2883 869 2968 contingeret,
901 2885 991 2970 leges
1018 2890 1094 2949 sunt
1120 2886 1168 2949 in·

163 2974 292 3053 ventae,
320 2992 402 3053 quae
429 2993 502 3035 cum
526 2970 674 3035 omnibus
698 2974 825 3055 semper
847 2994 912 3036 una
935 2976 1032 3056 atque
1055 2974 1167 3038 eadem

164 3077 241 3120 voce
264 3056 482 3139 loquerentur.
525 3057 615 3142 Ergo
642 3057 704 3122 hoc
727 3058 855 3142 quidem
878 3061 1084 3144 perspicuum
1107 3066 1168 3145 est,

165 3165 219 3207 eos
243 3143 284 3207 ad
304 3144 528 3227 imperandum
551 3145 651 3231 deligi
674 3145 802 3230 solitos,
822 3169 958 3230 quorum
980 3148 1018 3212 de
1040 3149 1168 3214 iustitia

163 3252 284 3315 magna
307 3235 392 3294 esset
420 3233 529 3315 opinio
556 3234 782 3299 multitudinis.
828 3235 989 3301 Adiuncto
1012 3258 1103 3320 vero,
1129 3241 1168 3301 ut

162 3318 248 3382 idem
280 3319 379 3383 etiam
409 3320 583 3402 prudentes
614 3322 827 3406 haberentur,
858 3323 941 3388 nihil
969 3327 1052 3407 erat,
1081 3325 1169 3408 quod

163 3405 311 3470 homines
333 3407 374 3470 iis
397 3407 583 3472 auctoribus
605 3431 671 3474 non
693 3432 789 3495 posse
807 3411 960 3495 consequi
978 3433 1013 3476 se
1031 3412 1169 3477 arbitra-

92 3542 141 3634 .
163 3498 284 3560 rentur.
330 3494 427 3590 Omni
445 3493 559 3586 igstm
573 3496 699 3563 ratione
717 3499 852 3565 colenda
874 3503 907 3564 et
929 3500 1098 3565 retinenda
1119 3500 1170 3566 iu-
