2476 3848
486 159 728 230 -189-

106 343 179 385 rum
198 340 317 405 genera
334 339 519 403 persequar,
542 341 624 403 quae
642 318 806 404 pertinent
824 317 866 383 ad
882 319 969 386 vitae
988 321 1112 385 cultum

106 413 141 472 et
168 408 209 472 ad
237 429 348 472 esrum
369 427 490 489 rerum,
519 407 635 491 quibus
663 410 799 471 utuntur
825 406 987 491 homines,
1012 409 1111 472 facul·

106 499 218 579 tatem,
245 495 286 559 ad
309 515 400 579 opes,
424 495 465 558 ad
492 495 602 579 copias
626 495 700 578 [3in
722 516 786 578 quo
809 497 881 559 tum
903 496 1014 579 quaeri
1037 495 1112 580 dixi,

107 584 184 668 quid
206 583 300 667 utile,
328 581 406 666 quid
426 582 555 666 inutile,
581 587 652 646 1111
675 604 714 647 ex
741 581 877 646 utilibus
900 583 977 667 quid
999 582 1112 647 utilius

108 676 164 736 aut
187 671 264 755 quid
287 669 426 734 maxime
449 670 552 751 utile].
592 669 642 734 De
665 670 782 754 quibus
805 670 909 735 dicere
932 671 1112 756 adgrediar,

108 760 136 824 si
158 781 261 844 pauca
282 758 371 843 prius
395 757 435 821 de
456 758 608 823 instituto
632 780 670 822 ac
693 758 731 822 de
758 757 875 823 iudicio
898 781 970 824 meo
994 759 1112 823 dixero.

108 847 310 931 Quamquam
341 845 427 910 enim
459 846 536 910 libri
569 846 676 910 nostri
707 847 888 929 complures
920 868 986 911 non
1017 846 1147 912 modos

108 936 149 1000 ad
180 934 322 1020 legendi,
354 933 411 998 sed
438 933 537 997 etiam
564 934 605 998 ad
632 933 793 998 scribendi
824 934 968 999 studium
996 934 1112 999 excita-

107 1026 236 1106 verrmt,
263 1025 375 1086 tamen
400 1021 562 1085 interdum
584 1043 711 1105 vereor,
739 1043 779 1086 ne
803 1022 995 1107 quibusdam
1017 1023 1112 1087 bonis

31 1140 32 1143 ¹
107 1111 186 1176 viris
209 1109 436 1195 philosophiae
461 1130 580 1174 nomen
606 1109 650 1173 sit
672 1109 813 1174 invisum
835 1110 1056 1194 mirenturque
1078 1110 1113 1174 in

108 1222 146 1263 ea
164 1202 293 1262 tantum
312 1219 364 1262 me
381 1218 499 1281 operae
517 1200 550 1260 et
568 1198 725 1282 temporis
743 1220 871 1281 ponere.
903 1197 976 1283 Ego
995 1202 1112 1280 autem,

109 1309 207 1370 quam
234 1285 289 1350 diu
315 1306 367 1349 111
392 1285 525 1369 publica
550 1306 609 1368 per
636 1306 692 1349 eos
719 1285 906 1370 gerebatur,
935 1286 1051 1370 quibus
1078 1307 1112 1350 se

108 1376 181 1458 ipsa
211 1373 429 1456 commiserat,
459 1371 564 1437 omnis
594 1393 683 1437 meas
715 1394 807 1437 curas
836 1374 1113 1459 cogitationesque

109 1464 144 1526 in
158 1483 229 1525 eam
247 1460 464 1543 conferebam
487 1483 561 1526 oum
579 1464 687 1525 autem
706 1460 873 1525 dominatu
891 1461 985 1525 unius
1005 1460 1114 1525 omnia

110 1552 296 1613 tenerentur
312 1569 416 1632 neque
435 1551 521 1613 esset
538 1570 676 1631 usquam
694 1548 829 1612 oonsilio
850 1552 907 1612 aut
926 1547 1114 1612 auctoritati

110 1638 213 1720 locus,
241 1635 344 1701 socios
372 1635 508 1720 denique
535 1637 674 1701 tuendae
700 1636 748 1700 rei
774 1636 936 1720 publicae,
969 1656 1112 1699 summos

108 1726 209 1808 viros,
241 1724 436 1808 amisissem,
466 1746 525 1789 nec
557 1747 608 1788 me
640 1723 816 1807 angoribus
846 1724 964 1806 dedidi,
997 1724 1113 1808 quibus

110 1835 213 1878 essem
236 1811 415 1895 confectus,
440 1812 505 1876 nisi
526 1813 567 1876 iis
594 1812 800 1896 restitissem,
826 1833 886 1877 nec
911 1833 1041 1876 rursum
1067 1812 1114 1876 in-

110 1901 216 1985 dignis
239 1899 370 1965 homine
393 1900 487 1965 docto
511 1900 742 1984 voluptatibus.
782 1900 891 1984 Atque
913 1900 1039 1965 utinum
1061 1916 1148 1964 1113

109 1989 240 2073 publica
262 1987 422 2072 stetisset,
446 2010 510 2072 quo
533 1992 696 2073 coeperat,
719 1991 808 2053 statu
829 2010 888 2053 nec
910 1988 945 2052 in
967 1987 1113 2053 homines

110 2079 266 2140 nontam
289 2076 590 2141 commutandarum
613 2097 711 2160 quam
738 2077 983 2141 evertendarum
1006 2098 1114 2140 rerum

111 2163 242 2247 cupidos
260 2163 437 2228 incidisset!
469 2162 616 2228 Primum
634 2164 728 2247 enim,
748 2167 786 2228 ut
804 2168 912 2228 stante
930 2186 965 2228 11
984 2164 1115 2249 publice

109 2252 215 2316 facere
239 2252 436 2335 solebamus,
461 2251 497 2316 in
524 2252 648 2337 agendo
672 2254 866 2337 plusquam
888 2253 924 2317 in
946 2252 1114 2317 scribendo

111 2361 227 2424 operae
249 2361 455 2423 poneremus,
478 2339 591 2404 deinde
613 2340 694 2424 ipsis
716 2340 846 2424 scriptis
868 2362 935 2405 non
958 2362 1009 2423 ea,
1032 2361 1114 2423 quae

110 2449 203 2511 nunc,
227 2426 283 2491 sed
305 2427 448 2492 actiones
465 2432 596 2493 nostras
614 2427 849 2510 mandaremus,
872 2432 909 2492 ut
927 2450 1023 2512 saepe
1041 2427 1115 2492 feci-

111 2536 191 2578 mus.
223 2513 305 2580 Cum
324 2518 433 2580 autern
450 2536 502 2589 res
520 2515 659 2599 publiea,
680 2515 714 2579 in
733 2538 796 2598 qua
815 2515 919 2579 omnis
938 2537 1011 2579 mea
1030 2537 1114 2597 eura,

111 2602 278 2687 cogitatio,
297 2624 395 2686 opera
412 2603 490 2687 poni
508 2603 644 2685 solebat,
662 2603 754 2667 nulla
772 2606 858 2666 esset
876 2603 1016 2683 omnino,
1037 2601 1115 2666 11111

111 2689 235 2754 11111111
266 2690 394 2754 11111111
426 2690 650 2755 conticuerunt
678 2690 823 2755 forenses
856 2693 889 2754 et
924 2689 1114 2754 1111111111.

111 2775 204 2840 Nihil
231 2799 327 2863 agere
355 2781 464 2843 autem
490 2800 563 2844 cum
590 2778 716 2842 animus
747 2799 813 2843 non
844 2781 968 2861 posset,
1002 2777 1037 2841 in
1062 2776 1150 2841 hisu

112 2864 228 2929 studiis
251 2866 292 2929 ab
315 2865 410 2931 initio
432 2870 580 2930 versatus
608 2867 725 2931 aetatis
754 2866 937 2931 existimavi
957 2865 1116 2930 honestis·

112 2952 192 3017 sime
215 2953 383 3019 molestias
406 2975 502 3038 posse
525 2954 654 3038 deponi,
681 2955 710 3018 si
736 2977 787 3018 me
811 2954 851 3019 sd
874 2953 1115 3039 philosophiam

112 3041 320 3106 rettulissem.
374 3039 435 3105 Oui
465 3063 538 3106 cum
573 3042 714 3106 multum
750 3042 936 3107 adulescens
974 3042 1116 3107 discendi

112 3149 210 3193 causa
231 3129 388 3230 temporis
411 3128 611 3213 tribuissem,
635 3133 849 3213 posteaquam
870 3130 1115 3196 honoribusin·

112 3217 233 3282 servire
251 3216 342 3301 coepi
359 3238 474 3300 meque
492 3220 599 3282 totum
616 3238 663 3280 rer
655 3217 827 3301 publicae
840 3219 968 3301 tradidi,
986 3222 1115 3282 tantum

112 3308 182 3369 erat
203 3304 429 3389 philosophiae
447 3304 519 3387 loci,
542 3308 698 3389 quantum
717 3305 920 3390 superfuerat
939 3307 1115 3370 amicorum

112 3395 145 3455 et
158 3414 206 3456 rer
197 3392 366 3476 publicae
384 3393 599 3476 temporibus,
616 3392 725 3456 idt
668 3396 725 3456 aut
726 3415 778 3458 em
795 3416 889 3458 omne
908 3394 1115 3459 consumeba-

111 3479 202 3544 tur
192 3501 228 3544 1n
253 3479 403 3565 legendo,
435 3479 597 3547 scribendi
624 3480 726 3545 otium
752 3486 919 3547 1111111.
963 3480 1180 3624 Μ1111111ἡ

1133 3450 1154 3512 2
