2476 3848
577 182 812 248 ,400-

193 339 301 421 culos,
332 359 413 423 quos
445 338 591 405 celeriter
621 340 716 405 malis
747 339 891 405 moribus
926 338 1203 425 opinionibusque

194 427 362 511 depravati
379 428 425 492 sic
442 427 679 513 restinguimus,
701 431 912 513 utnusquam
929 431 1065 493 naturae
1085 428 1203 495 lumen

194 518 355 599 appareat
401 514 484 581 Sunt
510 515 595 580 enim
621 516 758 601 ingeniis
784 515 904 582 nostris
932 517 1056 582 semina
1081 517 1202 583 innata

194 603 358 686 virtutum,
381 625 462 689 quae
485 603 514 669 si
534 604 716 670 adolescere
738 603 858 686 liceret,
880 604 951 687 ipsa
973 624 1034 669 nos
1057 605 1099 670 ad
1123 605 1202 672 bea·

194 694 261 755 tam
292 691 393 756 vitam
424 695 540 756 natura
570 694 764 776 perduceret.
814 690 909 756 Nune
941 695 1062 776 autem,
1098 693 1202 760 simul

194 781 291 862 atque
314 779 392 843 editi
413 779 449 843 in
471 780 574 844 lucem
598 784 631 845 et
653 778 793 864 suseepti
810 801 929 863 sumus,
951 780 986 845 in
1008 781 1097 846 omni
1122 803 1201 847 con·

193 867 284 932 tinuo
311 866 472 950 pravitate
498 871 530 931 et
557 869 592 932 ιιι
615 890 740 933 summa
767 868 956 952 opinionum
982 871 1201 952 perversitate

193 975 368 1038 versamur,
390 957 427 1019 ut
444 976 545 1037 paene
563 978 636 1021 cum
653 956 738 1022 lacte
755 955 890 1021 nutricis
909 977 1049 1021 errorem
1068 958 1200 1024 suxisse

193 1042 366 1107 videamur.
417 1041 497 1108 Cum
528 1065 604 1109 vero
635 1044 823 1128 parentibus
855 1044 985 1126 redditi,
1020 1044 1096 1110 dein
1128 1067 1198 1112 ma-

194 1131 305 1215 gistris
328 1130 438 1196 ιιιιιιιι
462 1153 584 1217 sumus,
610 1136 679 1196 tum
702 1133 749 1197 ita
773 1132 872 1197 variis
894 1131 1057 1197 inbuimur
1080 1135 1199 1199 errori·

193 1218 262 1298 bus,
285 1224 321 1283 ut
337 1219 473 1284 vanitati
491 1183 611 1285 verit'as
634 1223 667 1285 et
685 1220 829 1305 opinioni
852 1221 1059 1286 confirmatae
1077 1225 1200 1288 natura

160 1308 278 1427 3ipsa
287 1308 386 1372 cedat.
430 1307 595 1373 Accedunt
614 1309 712 1372 etiam
730 1312 852 1393 poetae,
874 1309 928 1392 qui
951 1329 1022 1373 cum
1040 1330 1198 1394 magnam

160 1378 332 1479 3ιριιιιιιι
369 1395 530 1462 doctrinae
571 1395 812 1482 sapientiaeque
851 1418 929 1480 prae
964 1419 998 1461 se
1039 1398 1197 1504 tulerunt,

194 1482 381 1567 audiuntur,
408 1485 573 1570 leguntur,
601 1485 784 1549 ediscuntur
806 1488 839 1551 et
859 1484 1085 1551 inhaerescunt
1106 1489 1197 1570 peni·

193 1573 283 1637 tus
274 1595 308 1636 ιιι
335 1572 510 1656 mentibus;
542 1594 614 1638 cum
645 1594 721 1638 vero
758 1573 868 1639 eodem
900 1574 992 1658 quasi
1022 1595 1196 1643 maxumus

193 1662 323 1746 quidam
340 1661 496 1746 magister
513 1662 652 1745 populus
669 1663 792 1729 αιιιιιιι
813 1665 909 1745 atque
928 1661 1032 1727 omnis
1051 1665 1195 1749 undique

193 1750 233 1814 ad
260 1750 340 1814 vitia
367 1749 570 1813 consentiens
597 1750 785 1832 multitudo,
812 1753 883 1813 tum
909 1749 1005 1831 plane
1032 1750 1196 1818 inficimur

192 1838 379 1921 opinionum
401 1837 560 1918 pravitate
579 1859 598 1901 a
616 1841 792 1920 naturaque
810 1838 1025 1916 desciscimus,
1044 1843 1081 1903 ut
1097 1840 1194 1913 nobis

192 1929 311 2009 optime
329 1928 463 1989 naturae
480 1925 547 1988 vim
564 1924 683 1990 vidisse
700 1925 878 2008 videantur,
901 1927 957 2011 qui
978 1925 1060 1991 nihil
1078 1929 1192 1994 melius

190 2012 328 2094 homini,
359 2012 439 2077 nihil
471 2012 577 2098 magis
607 2012 831 2096 expetendum,
859 2013 941 2077 nihil
973 2017 1191 2098 praestantius

190 2100 376 2177 honoribus,
398 2099 550 2181 imperiis,
572 2101 721 2184 populari
744 2101 848 2184 gloria
869 2101 1099 2170 iudicaverunt
1139 2103 1193 2170 Ad

191 2210 287 2272 quam
313 2187 415 2253 fertur
442 2194 499 2271 opt
500 2210 592 2252 umus
621 2190 755 2273 quisque
781 2211 954 2275 veramque
977 2191 1067 2255 illam
1095 2192 1195 2258 hone·

191 2279 310 2341 statem
328 2279 490 2360 expetens,
512 2299 608 2363 quam
626 2299 722 2342 unam
742 2284 860 2343 natura
879 2279 1017 2343 maxime
1040 2280 1195 2365 anquirit,

190 2366 224 2430 in
252 2386 377 2431 summa
404 2364 562 2430 inanitate
593 2371 740 2431 versatur
772 2370 1036 2469 consectaturque
1067 2368 1194 2435 nullam

190 2455 382 2520 eminentem
396 2453 537 2537 effigiem
550 2454 690 2538 virtutis,
708 2454 763 2519 sed
778 2455 1026 2520 adumbratam
1016 2457 1195 2541 imaginem

190 2543 320 2628 gloriae.
364 2540 427 2606 Elst
448 2541 535 2607 enim
561 2543 665 2627 gloria
692 2542 794 2608 solida
823 2542 980 2626 quaedam
1007 2565 1059 2608 res
1082 2548 1116 2609 et
1138 2566 1194 2611 ex·

189 2653 309 2715 pressa,
329 2651 396 2696 non
418 2629 588 2694 adumbrat
574 2637 621 2714 ta,
645 2652 682 2694 ea
705 2633 755 2694 est
777 2632 979 2696 consentiens
997 2632 1067 2697 laus
1091 2634 1194 2700 bono·

189 2742 273 2801 rum,
301 2718 487 2802 incorrupta
514 2740 577 2784 vox
608 2719 690 2782 bene
717 2718 928 2783 iudicantium
956 2720 994 2784 de
1022 2722 1194 2787 excellenti

188 2809 317 2890 virtute,
335 2828 373 2871 ea
390 2807 502 2871 virtuti
519 2810 651 2871 resonat
668 2810 834 2890 tamquam
853 2805 970 2892 imago.
1006 2808 1095 2884 Quae
1114 2815 1195 2894 quia

189 2901 275 2960 recte
302 2895 460 2960 factorum
487 2895 675 2978 plerumque
703 2916 808 2960 comes
836 2900 898 2980 est,
926 2917 992 2963 non
1020 2901 1069 2961 est
1096 2896 1194 2963 bonis

153 2996 171 3044 4
189 2982 266 3046 viris
285 2982 487 3065 repudianda
525 2982 587 3045 Ille
605 2987 722 3065 autern,
743 3004 823 3067 quae
843 3005 877 3048 se
895 2985 963 3049 eius
982 2984 1074 3049 imita
1075 2986 1195 3052 tricem

188 3091 258 3133 esse
280 3070 358 3151 volt,
379 3069 549 3134 temeraria
567 3073 663 3155 atque
685 3070 977 3138 inconsideratat
944 3076 977 3137 et
997 3073 1193 3158 plerumque

188 3119 390 3240 peccatordm
426 3158 641 3242 vitiorumque
676 3158 851 3241 laudatrix,
891 3159 979 3225 fama
1013 3160 1196 3247 popularis,

189 3244 394 3308 simulatione
411 3244 591 3310 honestatis
613 3245 797 3311 formam'
770 3268 838 3311 e1us
857 3215 1197 3333 pulchritudinemque

190 3332 375 3416 corrumpit
429 3332 499 3409 Qua
529 3333 681 3399 caecitate
718 3335 880 3419 homines,
921 3356 993 3400 oum
1034 3338 1195 3421 quaedam

190 3420 288 3484 etiam
311 3421 476 3503 praeclara
497 3425 651 3504 cuperent
672 3443 774 3506 eaque
795 3424 957 3489 nescirent
978 3445 1037 3489 nec
1059 3425 1115 3490 ubi
1134 3447 1198 3494 nec

92 3542 127 3634 ι
192 3508 300 3592 qualia
323 3513 442 3591 essent,
469 3509 613 3574 firnditus
641 3510 698 3574 alii
725 3514 909 3576 everterunt
936 3531 1012 3576 suas
1035 3513 1197 3601 civitates,

154 1274 203 1338 2·
