2476 3848
520 184 760 248 ..446-

137 344 345 409 declarabant
371 344 406 407 in
434 366 559 408 summo
588 343 734 426 sepulcro
761 343 932 427 sphaeram
958 364 1029 407 esse
1060 346 1154 428 posi·

85 452 118 500 oa
136 437 204 496 tam
223 454 295 496 cum
313 432 464 515 cylindro.
492 431 563 516 Ego
582 435 689 495 autem
703 452 775 495 oum
789 432 898 495 omnia
912 431 1155 498 conlustrarem

137 519 238 585 oculis
267 518 332 604 (est
358 519 443 582 enim
471 519 511 583 ad
538 522 648 602 portas
677 517 915 604 Agragantinas
938 539 1060 602 magna
1086 519 1154 585 fre-

136 607 270 691 quentia
288 604 533 691 sepulcrorum),
555 606 697 670 animum
716 607 838 671 adverti
858 606 1063 671 columellam
1080 630 1153 673 non

138 695 274 758 multum
302 716 319 759 e
347 694 451 757 dumis
479 693 684 771 eminentem,
712 694 747 757 in
773 716 836 778 qua
858 695 963 758 inerat
986 693 1153 778 sphaerae

136 783 241 867 figura
277 785 310 846 et
345 781 489 865 cylindri.
548 780 655 865 Atque
692 802 752 866 ego
787 782 899 846 statim
931 780 1151 864 Syracusanis

137 868 244 954 (erant
271 873 379 934 autem
407 868 568 951 principes
596 868 734 954 mecum)
761 869 827 933 dixi
854 891 905 933 me
933 869 1013 933 illud
1036 870 1150 953 ipsum

138 958 290 1021 arbitrari
313 978 395 1036 esse,
419 955 720 1040 quodquaererem.
756 956 887 1020 lnmissi
910 978 981 1020 cum
1004 955 1150 1025 falcibus

85 1066 119 1114 cs
137 1044 232 1107 multi
255 1047 436 1126 purgarunt
454 1047 486 1106 ct
505 1047 697 1125 aperuerunt
719 1044 832 1107 locum.
870 1043 1032 1119 Quocum
1058 1050 1149 1126 pate·

136 1131 241 1195 factus
269 1134 354 1194 esset
381 1130 502 1213 aditus,
534 1130 575 1194 ad
607 1130 774 1195 adversam
805 1131 909 1194 basim
941 1130 1149 1197 accessimus.

137 1218 325 1300 Apparebat
356 1217 555 1300 epigramma
587 1218 690 1281 exesis
726 1218 960 1300 posterioribus
997 1219 1148 1300 partibus

137 1305 366 1369 versiculorum
388 1305 564 1368 dimidiatis
587 1304 662 1368 l'ere.
698 1303 750 1368 Ita
768 1305 970 1368 nobilissima
990 1303 1148 1370 Graeciae

137 1393 260 1474 civitas,
279 1393 440 1475 quondam
458 1414 534 1455 vero
553 1391 650 1455 etiam
672 1392 865 1475 doctissima,
885 1392 935 1455 sui
954 1392 1034 1456 civis
1049 1394 1147 1458 unius

138 1479 317 1545 acutissimi
347 1483 589 1543 monumentum
621 1482 815 1563 ignorasset,
847 1479 910 1543 nisi
943 1479 983 1543 ab
1011 1478 1147 1545 homine

136 1568 293 1650 Arpinate
312 1567 484 1631 didicisset.
522 1565 583 1630 Sed
602 1568 724 1648 redeat,
746 1568 829 1630 unde
849 1567 1010 1631 aberravit
1029 1568 1147 1633 oratio.

138 1654 216 1730 Quis
241 1659 290 1719 est
312 1656 467 1735 omnium,
495 1655 550 1739 qui
574 1656 668 1718 modo
698 1676 769 1718 cum
793 1653 910 1737 Musis,
936 1654 969 1716 id
997 1657 1049 1718 est
1070 1676 1148 1720 cum

136 1742 337 1806 humanitate
374 1744 407 1805 et
438 1763 510 1805 cum
543 1742 702 1824 doctrina,
738 1740 858 1805 habeat
896 1740 1027 1824 aliquod
1060 1763 1146 1807 oom-

139 1830 306 1910 mercium,
330 1830 385 1911 qui
404 1851 438 1892 se
456 1851 522 1892 non
546 1828 630 1892 hunc
648 1829 911 1892 mathematicum
929 1829 1024 1892 malit
1048 1852 1147 1914 quam

137 1916 229 1980 illum
252 1916 449 1998 tyrannum?
487 1913 521 1978 Si
544 1916 629 1978 vitae
653 1916 781 1979 modum
805 1916 1025 1998 actionemque
1049 1939 1147 1999 quae-

137 2004 251 2084 rimus,
274 2002 405 2065 alterius
425 2023 514 2065 mens
536 2002 716 2066 rationibus
741 2003 903 2086 agitandis
927 2004 1146 2087 exquirendis·

138 2111 197 2172 que
218 2088 365 2151 alebatur
384 2110 455 2151 cum
475 2088 691 2153 oblectatione
714 2090 892 2168 sollertiae,
916 2090 970 2174 qui
993 2095 1043 2155 est
1063 2114 1147 2157 unus

138 2176 347 2239 suavissimus
379 2179 490 2258 pastus
523 2177 716 2259 animorum,
753 2178 885 2241 alterius
917 2179 951 2241 in
983 2179 1080 2242 caede
1114 2184 1148 2244 et

137 2262 264 2325 iniuriis
288 2284 360 2325 cum
384 2268 416 2327 et
439 2264 553 2328 diumo
577 2268 609 2327 et
631 2269 787 2330 nocturno
810 2268 906 2329 metu.
943 2263 1014 2349 Age
1033 2266 1148 2331 confer

136 2348 370 2432 Democritum,
397 2350 631 2434 Pythagoram,
659 2352 898 2437 Anaxagoram3
927 2373 1008 2436 quae
1033 2373 1147 2437 regna,

138 2459 218 2520 quas
238 2460 314 2520 opes
334 2437 449 2501 studiis
468 2460 578 2502 eorum
600 2442 633 2502 et
656 2440 920 2504 delectationibus
945 2442 1146 2522 antepones?

86 2547 118 2595 ca
137 2524 282 2606 Etenim,
306 2547 388 2609 quae
406 2548 482 2608 pars
501 2530 632 2609 optuma
651 2531 701 2590 est
718 2528 752 2590 in
769 2528 912 2610 homine,
935 2527 969 2590 in
988 2548 1025 2590 ea
1045 2528 1147 2592 situm

138 2634 207 2677 esse
229 2634 359 2676 necesse
383 2616 432 2676 est
454 2614 547 2697 illud,
571 2614 655 2698 quod
678 2615 816 2697 quaeris,
841 2618 1017 2697 optumum.
1061 2614 1147 2690 Quid

138 2705 187 2764 est
210 2705 319 2765 autem
345 2700 381 2763 in
407 2700 536 2763 homine
560 2702 668 2784 sagaci
697 2722 734 2764 ac
760 2702 846 2765 bona
875 2705 981 2765 mente
1005 2703 1147 2767 melius?

137 2788 217 2851 Eius
240 2789 326 2852 bono
344 2787 513 2851 fruendum
532 2792 582 2851 est
604 2788 717 2872 igitur,
741 2789 768 2851 si
788 2789 874 2851 beati
893 2810 961 2853 esse
980 2790 1147 2874 volumus3

137 2876 258 2939 bonum
291 2879 398 2938 autem
429 2875 547 2938 mentis
580 2881 630 2939 est
661 2875 779 2957 virtus3
813 2896 888 2959 ergo
921 2877 982 2940 hac
1015 2877 1148 2942 beatam

137 2963 238 3026 vitam
267 2962 423 3026 contineri
450 2983 579 3027 necesse
608 2967 664 3026 est.
709 2962 795 3026 Hinc
822 2963 942 3045 omnia,
970 2985 1051 3047 quae
1074 2966 1149 3048 pnl-

138 3048 227 3130 chra,
250 3049 400 3133 honesta,
430 3049 597 3131 praeclara
620 3054 707 3133 sunt,
730 3055 768 3114 ut
791 3072 889 3133 supra
912 3051 989 3134 dixi,
1019 3051 1076 3115 sed
1100 3053 1149 3116 di·

138 3136 273 3199 cendum
296 3137 381 3199 idem
404 3137 482 3201 illud
505 3137 603 3219 paulo
627 3137 756 3201 uberius
781 3138 921 3220 videtur,
948 3138 1045 3221 plena
1068 3160 1149 3223 gau·

138 3222 263 3286 diorum
292 3228 374 3286 sunt.
424 3223 475 3288 Ex
502 3225 665 3307 perpetuis
689 3229 794 3288 autem
824 3226 990 3309 plenisque
1018 3227 1149 3310 gaudiis

138 3331 210 3373 cum
237 3312 441 3392 perspicuum
469 3311 514 3375 sit
535 3312 636 3375 vitam
662 3312 791 3377 beatam
815 3314 964 3397 existere,
992 3313 1151 3401 sequitur,

138 3401 176 3461 ut
198 3419 236 3460 ea
259 3398 376 3461 existat
399 3419 437 3462 ex
459 3399 638 3462 honestate.

205 3483 266 3550 Sed
284 3507 323 3549 ne
343 3486 450 3549 verbis
470 3486 575 3551 solum
598 3488 797 3569 attingamus
821 3509 872 3572 ea,
895 3508 975 3570 quac
996 3487 1153 3556 volumus
