2476 3848
539 195 691 262 -228
738 233 780 245 -

148 361 244 428 modo
268 383 306 426 ea
329 360 467 425 discerni
489 363 663 444 oporteret,
686 361 725 425 de
747 360 872 425 duobus
896 360 1067 447 generibus
1090 361 1156 446 pri-

149 451 211 514 mis
238 449 343 513 tribus
371 448 464 513 libris
492 448 678 532 explicavit,
709 448 789 512 det
774 448 872 513 tertio
901 451 957 512 aut
958 471 1009 513 em
1037 469 1155 535 genere

150 537 298 620 deinceps
325 559 360 600 ιι
388 535 519 619 scripsit
546 535 707 600 dicturum
733 557 791 601 nec
822 536 959 601 exsolvit
990 536 1037 617 id,
1069 537 1157 620 quod

114 625 353 711 8promiserat.
398 621 490 698 Quod
514 644 551 686 eo
575 623 680 708 magis
708 623 821 707 miror,
852 623 928 707 quia
955 624 1157 725 scriptume

150 712 307 797 discipulo
341 712 408 776 eius
439 710 614 775 Posidonio
646 714 696 774 est
736 711 875 796 triginta
911 712 1003 776 annis
1035 712 1156 777 vixisse

148 737 353 900 Panaetium,
380 801 594 883 posteaquam
621 798 697 863 illos
721 798 822 862 libros
847 799 1007 864 edidisset
1053 797 1157 900 Quem

149 891 256 953 locum
275 887 375 951 miror
394 909 413 950 a
430 885 605 950 Posidonio
627 885 770 975 breviter
793 907 864 950 esse
886 887 1042 951 tactum⁸
1032 909 1068 950 ιιι
1089 889 1158 971 qui-

149 976 287 1040 busdam
310 973 559 1055 commentariis,
582 960 774 1057 praesertim
797 996 869 1038 cum
890 975 1012 1038 scribat
1028 976 1158 1040 nullum

115 1081 220 1128 aesse
235 1061 387 1126 locumin
396 1061 765 1212 totaphilosophiatam
773 1062 998 1127 necessarium
1021 1061 1156 1128 Minime

149 1172 226 1216 vero
251 1149 454 1214 assentior⁸⁸
433 1171 488 1226 ns,
512 1149 566 1232 qui
588 1151 710 1233 negant
733 1171 806 1213 eum
828 1150 935 1214 locum
958 1173 978 1214 a
998 1149 1157 1216 Panaetio

149 1237 423 1324 praetermissum,
442 1235 499 1300 sed
517 1237 663 1301 consulto
682 1237 840 1314 relictum,
858 1259 917 1302 nec
935 1238 1065 1302 omnino
1081 1239 1157 1302 scri-

149 1326 291 1391 bendum
308 1324 418 1407 fuisse,
437 1325 513 1408 quia
529 1346 705 1408 numquam
723 1329 834 1409 posset
856 1325 982 1390 utilitas
1005 1347 1078 1390 cum
1100 1326 1158 1391 ho-

150 1417 279 1479 nestate
302 1433 455 1498 pugnare.
491 1411 540 1476 De
563 1433 626 1495 quo
646 1412 784 1476 alterum
802 1416 911 1496 potest
929 1413 1049 1478 habere
1067 1414 1157 1478 dubi-

150 1505 201 1566 tat
202 1502 322 1584 ionem,
355 1500 611 1564 adhibendumne
641 1499 740 1564 fuerit
766 1499 828 1565 hoc
860 1522 974 1585 genus,
1006 1500 1092 1584 quod
1122 1502 1159 1566 in

151 1589 308 1654 divisione
334 1587 471 1652 Panaeti
498 1589 632 1652 tertium
660 1590 722 1671 est,
749 1609 793 1651 an
814 1588 910 1671 plane
933 1589 1157 1673 omittendum,

152 1678 199 1742 alt
185 1682 291 1741 terum
314 1676 457 1740 dubitari
479 1697 544 1740 non
566 1677 685 1759 potest,
708 1675 787 1758 quin
810 1697 829 1738 a
850 1675 984 1740 Panaet
959 1680 1006 1741 ιιο
1030 1698 1158 1762 suscep·

151 1769 222 1830 tum
246 1765 298 1847 sit,
321 1764 377 1828 sed
400 1764 557 1827 relictum
593 1761 680 1827 Nam
699 1763 789 1846 quie
813 1762 1006 1828 divisionet
992 1765 1158 1915 ⁸c⁸⁸p⁸⁸⁸⁸⁸⁸⁸

152 1853 231 1917 duas
254 1855 364 1936 partes
394 1850 584 1932 absolverit,
611 1849 686 1914 huic
711 1871 842 1914 necesse
868 1854 918 1915 est
945 1855 1068 1917 restare
1094 1854 1158 1917 ter·

152 1941 247 2022 tiam,
254 1876 475 2022 p'praeterea
465 1960 500 2000 ιιι
523 1901 665 2001 extiemo
688 1938 811 2002 librot
797 1942 862 2002 tert
863 1938 895 2004 io
919 1940 957 2003 de
979 1939 1041 2004 hac
1063 1945 1157 2023 parte

101 2044 134 2092 10
152 2027 325 2111 pollicetur
349 2047 383 2088 ιι
407 2025 555 2108 deinceps
579 2046 649 2088 esse
672 2025 841 2090 dicturum.
886 2025 1019 2092 Accedit
1045 2028 1158 2093 eodem

152 2117 218 2178 test
204 2113 247 2176 tis
271 2113 416 2196 locuples
438 2112 644 2196 PosidoniuS,
672 2113 728 2196 qui
755 2114 854 2179 etiam
882 2115 994 2178 scribit
1020 2115 1055 2178 in
1081 2138 1158 2200 qua-

153 2202 228 2265 dam
255 2199 396 2300 epistula
421 2199 456 2263 P
483 2199 644 2264 Rutilium
671 2200 792 2265 Rufum
819 2201 922 2266 dicere
952 2204 1069 2286 solere,
1102 2204 1159 2287 qui

152 2288 344 2354 Panaetium
363 2287 571 2370 audierat,t
535 2292 571 2352 ut
589 2310 683 2353 nemo
701 2289 807 2373 pictor
826 2293 910 2354 esset
923 2289 1083 2375 ιιιιιιιιιιι,
1101 2292 1159 2375 qui

152 2377 188 2440 in
209 2374 277 2441 Coa
296 2374 421 2440 Venere
444 2398 516 2440 eam
539 2379 674 2460 partem,
698 2398 794 2459 quam
817 2376 951 2461 Apelles
970 2379 1159 2444 inchoatam

152 2464 347 2565 reliquisset,
361 2464 545 2528 absolveret
555 2463 635 2547 (oris
645 2464 730 2528 enim
740 2465 882 2565 pulchrit
868 2465 947 2530 tudo
960 2466 1077 2549 reliqui
1090 2488 1160 2531 cor-

78 2572 81 2578 ·
152 2553 241 2638 poris
260 2553 333 2616 ιιιιιι
309 2552 410 2616 tandi
428 2573 518 2636 spem
537 2552 702 2616 auferebat
688 2548 777 2639 t),
751 2574 797 2617 ιιι
818 2575 865 2636 ιι,
884 2574 965 2636 quae
982 2553 1158 2620 Panaetius

152 2641 424 2725 praetermisisset
439 2643 485 2720 [ιι
498 2661 564 2704 non
579 2640 780 2723 perfecisset]
794 2644 928 2724 propter
941 2662 1061 2725 eorum,
1076 2663 1159 2725 quae

114 2785 135 2848 3
153 2728 353 2813 perfecisset,
375 2727 609 2812 praestantiam
631 2727 792 2791 neminem
815 2731 1026 2811 persecutum.

104 2860 135 2908 11
220 2815 324 2890 Quam
352 2815 393 2879 ob
425 2836 494 2878 rem
529 2815 567 2878 de
598 2814 715 2879 iudicio
746 2815 883 2879 Panaeti
919 2815 1061 2881 dubitari
1091 2838 1161 2883 non

154 2905 277 2987 potest,
301 2907 428 2966 rectene
451 2905 560 2966 autem
582 2901 665 2966 hanc
688 2903 819 2967 tertiam
841 2907 968 2986 partem
991 2905 1032 2969 ad
1050 2906 1161 2989 exqui-

154 2989 289 3052 rendum
313 2989 455 3053 officium
479 2989 660 3053 adiunxerit
687 3011 729 3054 an
756 3012 860 3075 secus,
887 2991 926 3055 de
953 3013 991 3056 eo
1018 2992 1161 3060 fortasse

155 3076 315 3158 disputari
336 3097 378 3159 po
380 3079 454 3139 t.est
499 3075 880 3161 Nam,s1vehonestum
908 3079 1161 3146 solumbonum

156 3165 214 3240 est,
237 3165 334 3226 utt
297 3159 413 3227 Stoicis
436 3163 553 3248 placet,
576 3165 653 3248 sive,
676 3166 762 3250 quod
784 3166 956 3231 honestum
974 3171 1035 3252 est,
1055 3168 1090 3232 id
1111 3169 1162 3234 ita

154 3272 315 3314 summum
343 3250 541 3317 bonumt
492 3255 554 3336 est,
584 3275 679 3353 quem
707 3253 748 3318 ad
775 3254 907 3319 modum
933 3253 1029 3340 Perip
1025 3218 1161 3322 ⁸ateticis

153 3338 272 3402 vestris
295 3337 431 3423 videtur,
455 3344 492 3403 ut
510 3341 619 3405 omnia
638 3363 676 3405 ex
694 3341 798 3406 altera
815 3345 909 3425 parte
927 3342 1067 3408 collocat
1052 3346 1088 3408 ta
1105 3344 1163 3410 ιιι

154 3426 280 3490 minimi
304 3389 491 3491 momeriti'
482 3430 549 3491 1nst
551 3450 587 3493 ar
609 3429 760 3512 habeant,
783 3428 995 3494 dubitandum
1016 3436 1174 3518 nonest,

92 3472 133 3634 ι
154 3534 234 3597 qum
254 3536 432 3600 numquam
458 3515 622 3600 possitut
607 3515 675 3581 tilit
660 3519 712 3581 tas
735 3538 808 3583 cum
834 3516 1005 3583 honestate
1031 3523 1164 3586 conten-
