2476 3848
471 165 796 255 -471-1

88 345 150 407 que
172 324 356 407 praeclaras
378 323 503 388 Latinis
528 323 625 388 etiam
648 323 767 387 litteris
791 324 961 408 contineri3
991 346 1091 407 eoque
1110 335 1129 384 8

90 433 140 475 me
168 411 274 474 minus
303 411 448 476 instituti
475 411 539 476 mei
561 411 719 495 paenitet,
748 410 834 495 quod
859 412 954 477 facile
978 413 1091 494 sentio,

91 520 186 582 quam
214 498 392 563 multorum
418 520 485 564 non
511 499 606 564 modo
627 499 784 582 discendi,
812 499 990 564 sedetiam
1017 499 1093 563 scri·

90 586 186 650 bendi
214 586 321 650 studia
348 586 585 652 commoverim.
630 585 821 670 Complures
851 586 937 651 enim
960 585 1091 652 Graecis

89 673 348 738 institutionibus
375 674 493 739 eruditi
522 696 573 758 ea,
596 696 678 759 quae
706 675 894 758 didicerant,
923 696 996 739 cum
1019 674 1115 738 civi·

89 762 150 826 bus
178 761 245 824 suis
273 763 508 827 communicare
534 784 600 827 non
621 765 785 847 poterant,
808 763 894 847 quod
916 762 988 845 illa,
1011 784 1093 846 quae

90 872 110 912 a
137 847 267 913 Graecis
298 850 509 934 accepissent,
540 850 655 915 Latine
683 851 745 916 dici
776 873 871 935 posse
903 849 1093 915 diffiderent.

90 935 159 1011 Quo
182 936 217 999 in
240 958 357 1022 genere
378 941 508 1002 tantum
530 938 705 1022 profecisse
722 938 877 1023 videmur,
899 942 937 1003 ut
959 936 1094 1003 aGrae·

90 1025 136 1088 cis
162 1045 203 1088 ne
230 1025 403 1088 verborum
430 1025 559 1108 quidem
585 1026 679 1110 copia
700 1026 908 1092 vinceremur.
952 1025 1073 1091 Hortat
1059 1030 1128 1090 aaa

90 1112 190 1176 etiam
213 1115 272 1195 est,
294 1115 331 1175 ut
353 1135 404 1176 me
427 1112 570 1178 adhaec
593 1113 779 1199 conferrem,
803 1115 902 1180 animi
925 1114 1092 1199 aegritudo

89 1198 239 1263 fortunae
269 1203 444 1284 magnast
473 1200 566 1286 gravi
595 1203 795 1266 commota
785 1203 917 1285 miuria3
946 1203 1035 1268 cuius
1066 1201 1094 1265 si

90 1287 246 1351 maiorem
269 1287 412 1438 aliquam
435 1288 532 1353 levat
523 1310 630 1352 ronem
652 1289 808 1372 reperire
814 1291 1007 1373 potuissem,
1028 1312 1094 1353 non

91 1375 131 1439 ad
154 1374 237 1439 hanc
259 1374 467 1458 potissimum
490 1374 721 1460 confugissem3
749 1398 885 1442 cavero
908 1376 981 1460 ipsa
1002 1375 1094 1440 nulla

89 1462 216 1527 ratione
239 1463 354 1527 melius
376 1461 442 1527 frui
463 1463 569 1546 potui,
597 1485 695 1546 quam
719 1464 819 1527 sime
846 1485 912 1528 non
933 1463 1029 1527 modo
1053 1462 1094 1527 ad

91 1550 245 1635 legendos
277 1551 392 1634 libros,
424 1551 479 1616 sed
513 1551 612 1615 etiam
645 1551 686 1615 ad
716 1553 821 1615 totam
852 1550 1095 1635 philosophiam

90 1639 352 1722 pertractandam
384 1638 550 1703 dedissem.
595 1638 714 1704 Omnes
746 1641 855 1703 autem
884 1638 952 1702 eius
983 1641 1094 1722 partes

91 1730 188 1809 atque
216 1727 325 1792 omnia
351 1727 496 1791 membra
522 1730 593 1791 tum
618 1726 783 1792 facillume
805 1729 994 1809 noscuntur,
1022 1748 1095 1791 cum

90 1817 180 1878 totae
204 1814 408 1897 quaestiones
432 1810 600 1879 scribendo
624 1814 837 1914 explicantur,
861 1819 910 1878 est
933 1814 1018 1878 enim
1041 1814 1094 1878 ad·

91 1902 251 1966 mirabilis
270 1903 427 1986 quaedam
443 1901 641 1968 continuatio
661 1902 822 1986 seriesque
840 1905 1011 1987 rerum,ut
974 1901 1095 1967 utalia

92 2011 130 2052 ex
158 1989 223 2053 alia
249 2013 332 2055 nexa
359 1994 392 2055 et
419 2013 530 2056 omnes
556 1982 642 2055 inter
668 2011 701 2054 se
729 1994 825 2074 aptae
848 1991 1094 2076 conligataeque

90 2077 268 2141 videantur.
314 2077 376 2153 Qui
403 2083 459 2142 aut
461 2101 511 2143 em
534 2078 714 2161 requirunt,
743 2078 819 2162 quid
849 2100 975 2162 quaque
998 2077 1036 2143 de
1059 2101 1094 2143 re
1113 2045 1149 2172 ᾗ

90 2163 154 2246 ipsi
178 2165 363 2263 sentiamus,
386 2166 542 2231 curiosius
560 2165 594 2230 id
610 2165 743 2249 faciunt,
766 2187 863 2248 quam
880 2188 1010 2232 necesse
1028 2171 1094 2250 est,

90 2272 156 2314 non
179 2251 265 2314 enim
290 2255 360 2316 tam
383 2257 530 2317 auctores
553 2253 588 2316 in
615 2252 809 2353 disputando
833 2276 931 2338 quam
957 2216 1094 2319 rationis,

91 2342 256 2402 momenta
277 2340 460 2422 quaerenda
482 2343 566 2404 sunt.
611 2340 696 2416 Quin
718 2340 818 2405 etiam
840 2341 933 2406 obest
955 2342 1095 2425 plerum·

92 2449 152 2509 que
174 2425 229 2509 iis,
256 2427 312 2510 qui
335 2426 455 2492 discere
477 2428 605 2511 volunt,
634 2428 810 2493 auctoritas
834 2449 957 2511 eorum,
981 2428 1094 2512 quise

92 2514 204 2579 docere
231 2515 437 2599 profitentur,
465 2477 615 2579 desinunt
638 2515 723 2579 enim
751 2537 843 2579 suum
865 2515 1017 2580 iudicium
1041 2515 1094 2579 ad·

91 2601 215 2686 hibere,
238 2602 271 2666 id
293 2602 416 2667 habent
438 2606 559 2700 ratum,
583 2602 669 2686 quod
691 2604 733 2667 ab
757 2625 803 2686 eo,
826 2624 922 2685 quem
943 2603 1094 2687 probant,

90 2690 212 2756 iudicat
198 2695 269 2754 tum
297 2691 415 2756 vident.
393 2678 533 2756 tNec'
558 2713 635 2756 vero
661 2691 800 2774 probare
823 2691 912 2756 soleo
934 2690 981 2774 id,
1009 2690 1095 2774 quod

91 2777 130 2842 de
152 2778 368 2878 Pythagoreis
392 2778 585 2862 accepimus,
609 2801 689 2862 quos
711 2779 829 2861 ferunt,
805 2778 880 2842 tsi
902 2777 981 2861 quid
1002 2778 1095 2843 adfir-

91 2866 250 2930 marent
240 2888 275 2930 ιιι
298 2866 500 2951 disputando,
523 2888 596 2931 cum
620 2888 659 2930 ex
681 2865 727 2930 eis
751 2868 967 2950 quaereretur,
995 2887 1095 2950 quare

90 2951 139 3016 ita
170 2956 269 3036 esset,
299 2953 492 3038 respondere
524 2954 653 3019 solitos.
686 2952 787 3038 ‘Ipse
819 2952 942 3018 dixit'
988 2952 1094 3038 ‘Ipse'

90 3044 201 3105 autem
223 3043 293 3104 erat
315 3041 378 3124 Pyt
379 3041 529 3142 hagoras
575 3041 659 3105 Tant
646 3045 715 3105 tum
743 3040 852 3125 opinio
872 3040 1096 3193 praeiudicata

90 3132 229 3213 poterat,
251 3131 289 3192 ut
312 3128 455 3193 etiam
430 3151 498 3194 sine
521 3132 572 3193 ιιι
573 3129 647 3193 ione
665 3129 789 3194 valeret
775 3133 886 3194 ttauo
888 3128 952 3194 orit
954 3151 998 3194 as.
1033 3128 1095 3206 Qui
1115 3138 1146 3189 11

91 3221 200 3282 autem
229 3216 391 3282 admirant
376 3219 430 3280 tur
458 3238 518 3281 nos
547 3216 631 3282 hanc
656 3215 863 3301 potissimum
891 3216 1096 3302 disciplinam

91 3309 232 3388 secutos,
259 3304 299 3368 iis
327 3307 482 3388 quattuor
507 3302 708 3369 Academicis
738 3305 831 3369 libris
862 3305 942 3370 satis
966 3286 1146 3616 respo]

90 3415 162 3459 sum
184 3392 319 3459 videtur.
359 3390 428 3456 Nec
450 3414 526 3456 vero
550 3392 750 3456 desertarum
777 3392 1026 3476 relictarumque
1048 3413 1120 3469 re-¹

89 3502 162 3546 rum
184 3479 401 3568 patrocinium
424 3479 636 3566 suscepimus3
662 3500 729 3546 non
751 3480 837 3546 enim
858 3480 1028 3547 hominum
1048 3479 1098 3571 in-¹
