2476 3848
479 195 516 204 ο
563 160 716 225 443-

90 323 188 388 morti
210 323 275 386 iam
298 322 361 404 ipsi
385 321 572 386 adventanti
594 321 727 404 paulum
744 323 917 406 procedere
935 325 977 389 ob
999 325 1095 407 viam,
1192 367 1193 370 =

88 410 174 493 qued
197 410 274 473 fecit
297 407 445 493 Catulus,
472 430 570 492 quam
593 410 677 493 qued
700 408 836 494 Marius,
862 411 939 475 talis
962 412 1024 476 viri
1046 413 1094 476 in·

89 497 188 561 teritu
212 519 267 561 sex
291 518 366 561 suos
390 497 526 561 obruere
549 498 695 561 consulat
696 519 733 561 us
744 501 785 560 ‘et
803 499 1021 564 contaminare
1041 520 1093 562 ex-

89 589 227 648 tremum
250 588 475 667 tempusa
402 587 475 648 aeta
476 584 528 649 tis.
1103 634 1146 698 20

156 671 483 756 Duodequadraginta
509 692 610 736 anuos
637 675 796 756 tyrannus
819 670 1094 756 Syracusanorum
1111 711 1145 760 5‘1

90 759 153 823 fuit
178 758 369 842 Dionysius,
397 780 469 823 cum
498 760 637 843 quinque
664 763 697 824 et
724 760 840 845 viginti
866 763 961 825 natus
991 783 1095 826 annon

90 847 236 911 dominat
222 850 292 911 tum
319 846 547 930 occupavisset.
601 847 673 922 Qua
703 847 941 930 pulchritudine
972 848 1095 933 urbem,

89 935 205 1018 quibus
237 937 345 998 autem
375 934 489 1017 opibus
517 935 697 1018 praeditam
724 935 877 999 servitute
907 958 1094 1020 oppressam

89 1022 195 1086 tenuit
230 1022 408 1100 civitatem!
466 1021 567 1105 Atqui
609 1022 647 1086 de
683 1022 745 1088 hoe
778 1023 909 1088 homine
945 1047 965 1088 a
1000 1025 1094 1090 bonis

90 1109 275 1174 auctoribus
308 1108 354 1173 sic
386 1109 540 1192 scriptum
572 1110 765 1193 accepimus,
802 1133 962 1175 summam
995 1111 1095 1176 trisse

91 1197 159 1261 eius
196 1197 230 1261 in
266 1197 355 1261 victu
390 1197 637 1278 temperantiam
672 1196 707 1260 in
748 1197 907 1281 rebusque
943 1199 1094 1282 gerundis

90 1285 195 1349 virum
219 1307 325 1349 acrem
350 1287 382 1348 et
402 1283 611 1367 industrium,
634 1283 769 1347 eundem
787 1287 898 1348 tamen
916 1286 1095 1349 maleficum

90 1377 207 1437 natura
230 1376 263 1436 et
285 1372 447 1436 iniustum.
490 1370 540 1433 Ex
563 1391 626 1454 quo
649 1371 798 1435 omnibus
821 1370 902 1436 bene
924 1372 1094 1436 veritatem

90 1459 289 1524 intuentibus
313 1459 415 1523 videri
440 1478 569 1521 necesse
585 1460 649 1521 ·est
671 1459 893 1522 miserrimum.
937 1457 988 1521 Ea
1009 1457 1094 1522 enim

90 1547 175 1629 ipsa,
202 1568 283 1628 quae
311 1545 527 1628 concupierat,
555 1567 595 1608 ne
621 1547 691 1608 turn
719 1544 859 1628 quidem,
888 1566 959 1608 cum
986 1545 1094 1609 omnia

90 1656 125 1698 se
156 1655 251 1716 posse
283 1633 444 1715 censebat,
484 1632 743 1715 consequebatur.
803 1630 864 1707 Qui
901 1653 972 1696 eum
1008 1635 1093 1696 esset
1111 1643 1145 1692 ts

90 1722 185 1785 bonis
203 1721 390 1804 parentibus
409 1723 506 1804 atque
523 1719 659 1784 honeste
679 1718 750 1784 loco
765 1721 860 1783 natus
882 1714 957 1803 (etsi
975 1718 1009 1782 id
1025 1719 1093 1803 qui·

90 1809 163 1871 dem
182 1807 264 1872 alius
285 1809 349 1872 alio
372 1809 466 1874 modo
489 1805 638 1894 tradidit)
663 1807 901 1890 abundaretque
924 1809 956 1870 et
979 1827 1093 1891 aequa·

90 1896 169 1960 lium
200 1895 477 1960 familiaritatibus
510 1898 543 1959 et
573 1895 802 1960 consuetudine
833 1894 1095 1979 propinquorum,

90 1984 226 2048 haberet
257 1985 355 2048 etiam
386 2005 474 2048 more
507 1981 659 2048 Graeciae
696 1983 851 2067 quosdam
883 1981 1094 2047 adulescentis

92 2093 201 2135 amore
233 2072 433 2153 coniunctos,
470 2071 620 2135 credebat
641 2090 762 2135 eorum
793 2071 927 2149 nemini,
960 2071 1015 2135 sed
1046 2070 1095 2154 iis,

91 2179 172 2241 quos
197 2181 234 2221 ex
257 2157 389 2221 familiis
413 2156 622 2240 locupletium
645 2180 753 2223 servos
777 2157 953 2242 delegerat,
978 2159 1095 2242 quibus

91 2266 209 2309 nomen
236 2245 400 2308 servitutis
427 2245 496 2327 ipse
523 2245 717 2330 detraxerat,
745 2249 778 2310 et
807 2247 999 2329 quibusdam
1022 2268 1095 2312 cen·

92 2331 180 2396 venis
209 2335 242 2395 et
268 2330 346 2394 feris
373 2331 519 2395 barbaris
547 2333 690 2416 corperis
717 2333 894 2397 custodiam
917 2334 1094 2398 committe-

91 2421 158 2484 bat.
203 2417 255 2482 Ita
281 2421 414 2502 propter
440 2418 595 2483 iniustam
624 2419 806 2484 dominatus
829 2420 1037 2502 cupiditatem
1060 2419 1095 2483 in

92 2529 252 2573 carcerem
271 2506 410 2590 quodam
428 2506 523 2570 modo
542 2507 611 2590 ipse
630 2528 663 2571 se
677 2506 858 2570 incluserat.
891 2505 974 2582 Quin
988 2506 1094 2589 etiam,

91 2617 132 2660 ne
163 2595 287 2660 tonsori
318 2593 436 2659 collum
468 2594 615 2658 committ
600 2596 696 2676 teret,
732 2592 865 2657 tondere
905 2592 987 2656 filias
1019 2615 1094 2657 suas

93 2684 208 2748 docuit.
261 2682 313 2747 Ita
344 2682 471 2747 sordido
501 2681 706 2766 ancillarique
735 2679 869 2744 artificio
897 2680 1004 2763 regiae
1034 2680 1093 2744 vir-

92 2772 183 2855 gines
212 2773 248 2835 ut
277 2774 368 2835 tonat
354 2770 487 2834 triculae
514 2769 692 2834 tondebant
718 2768 852 2832 barbam
880 2769 912 2833 et
944 2767 1095 2850 capillum

92 2858 202 2939 patris
234 2857 280 2921 llt
297 2861 405 2921 tamen
424 2858 464 2922 ab
482 2857 563 2922 his
553 2857 642 2942 ipsis,
660 2878 733 2922 oum
751 2856 816 2920 iam
833 2858 941 2920 essent
926 2854 1048 2919 tadult
1033 2857 1095 2939 tae,

92 2945 212 3007 ferrum
230 2945 369 3008 removit
385 2945 597 3030 instituitque,
615 2948 652 3009 ut
665 2943 802 3008 candent
788 2944 875 3011 tibus
894 2905 1096 3027 iuglandiuni

91 3031 312 3113 putaminibus
332 3032 466 3098 barbam
486 3033 548 3098 sibi
567 3037 600 3097 et
618 3032 768 3115 capillum
787 3031 964 3096 adurerent
1001 3028 1094 3095 Oum-
1114 3051 1149 3100 ⁶9

92 3140 152 3202 que
175 3118 253 3181 duas
276 3140 391 3182 uxores
414 3120 560 3203 haberet,
583 3118 843 3203 Aristomachen,
871 3119 973 3184 civem
997 3140 1098 3221 suam,

92 3205 245 3270 Doridem
274 3209 381 3270 autem
408 3207 612 3289 Locrensem,
646 3208 691 3270 sic
718 3211 817 3271 noctu
845 3207 885 3270 ad
913 3228 966 3272 eas
995 3228 1056 3271 ven

92 3295 198 3375 tabat,
224 3296 261 3357 ut
289 3293 398 3357 omnia
425 3257 644 3376 specularetur
672 3296 704 3358 et
730 3297 985 3378 perscrutaretur
1014 3317 1055 3361 an

91 3381 229 3446 Etcum
252 3381 375 3445 fossam
401 3381 448 3444 lat
434 3383 502 3444 atm
523 3380 700 3447 cubiculari
727 3381 812 3449 lecto
835 3382 1045 3448 circumdedis

90 3470 220 3552 eiusque
238 3469 344 3533 fessae
362 3468 535 3534 transitum
552 3470 719 3553 ponticulo
742 3469 850 3556 ligneo
869 3470 942 3537 ceni
1012 3469 1052 3561 ⁰..
