2476 3848
476 183 714 246 ..409-

92 338 210 422 lacere,
236 339 287 402 cui
315 339 483 403 minimum
510 359 580 403 esse
603 338 729 404 videtur
755 340 790 403 in
819 341 880 405 hec
907 362 1004 406 causa
1025 342 1097 426 loci,

92 447 175 510 quae
197 429 308 490 tamen
329 427 377 491 ita
399 426 484 491 dicet
502 426 674 510 dupliciter
696 448 766 491 esse
784 431 817 492 te
835 427 1001 511 iniustum,
1024 451 1097 493 cunr

92 518 124 577 et
152 513 294 577 alienum
322 514 468 599 adpetes,
496 515 551 598 qui
577 514 726 580 mortalis
754 520 849 580 nutus
877 516 1096 582 condicionem

91 601 238 684 postules
261 602 480 666 inmortalium
504 606 537 667 ct
559 603 703 688 graviter
725 602 810 667 feras
833 607 875 687 te,
899 604 983 687 quod
1007 608 1096 667 uten-

92 688 168 753 dum
196 689 369 772 acceperis,
394 689 580 755 reddidisse.
625 690 819 755 Prudentiae
846 712 921 755 vero
949 691 1027 774 quid
1049 712 1095 754 re·
1116 713 1149 762 eu

92 776 265 859 spondetis
288 777 416 842 docenti
437 779 591 843 virtutem
614 799 684 843 sese
711 801 781 844 esse
808 782 1006 863 contendam,
1034 801 1097 862 quo

92 864 187 930 modo
211 864 252 928 ad
275 865 358 929 bene
384 865 568 949 vivendum,
592 866 638 931 sic
660 867 759 932 etiam
782 867 823 931 ad
845 866 963 932 beate?
1009 865 1098 942 Quae

93 954 121 1016 si
145 951 342 1017 extrinsecus
365 953 504 1037 religata
526 955 664 1037 pendeat
683 958 716 1018 et
734 977 800 1020 non
823 959 856 1020 et
879 955 1002 1020 oriatur
1025 977 1044 1018 a
1064 975 1098 1021 se

92 1045 126 1105 et
153 1062 264 1104 rursus
292 1040 333 1104 ad
361 1063 394 1105 se
421 1045 605 1106 revertatur
635 1046 670 1106 et
699 1045 808 1108 omnia
839 1065 899 1108 sua
931 1044 1099 1127 complexa

91 1128 174 1192 nihil
203 1132 339 1211 quaerat
366 1128 507 1212 aliunde,
534 1151 601 1193 non
626 1130 797 1216 intellego,
823 1153 880 1196 cur
908 1136 964 1196 aut
991 1131 1097 1196 verbis

42 1298 45 1304 ⁴
91 1221 160 1280 tam
184 1217 355 1280 vehement
341 1220 391 1280 ter
414 1216 557 1281 ornanda
585 1220 642 1280 aut
667 1239 702 1280 re
724 1222 899 1319 tantopere
923 1219 1099 1302 expetenda

92 1302 257 1368 videatur?
311 1303 363 1368 Ad
395 1304 475 1369 haec
507 1304 593 1369 bona
623 1326 674 1368 me
704 1306 733 1368 si
768 1327 914 1384 revoces,
949 1307 1099 1390 Epicure,

92 1414 204 1476 paroc,
237 1412 419 1475 sequor,u
397 1395 473 1457 utor
502 1393 577 1455 te
566 1413 638 1475 ipso
671 1392 762 1475 duce,
795 1331 1033 1458 obliviscorpt
1000 1395 1099 1457 etiam

92 1481 265 1564 malorum,
296 1483 333 1543 ut
364 1479 467 1563 iubes,
500 1500 602 1564 eoque
633 1479 774 1561 facilius,
806 1481 892 1565 quod
924 1502 962 1544 ea
993 1503 1033 1544 ne
1064 1481 1099 1544 in

91 1569 186 1632 malis
224 1566 351 1651 quidem
388 1567 535 1650 ponenda
571 1588 693 1633 censeo.
745 1565 807 1632 Sed
839 1567 980 1633 traducis
1013 1568 1100 1651 cogi·

90 1657 232 1721 tationes
255 1677 344 1720 meas
368 1655 409 1719 ad
432 1656 626 1739 voluptates.
663 1653 771 1730 Quas?
809 1653 971 1740 Corporis,
994 1655 1098 1733 credo,

92 1748 148 1808 aut
180 1765 262 1826 quae
293 1748 426 1828 propter
457 1764 577 1829 ,corpus
609 1743 661 1808 vel
696 1744 918 1808 recordatione
955 1743 1005 1808 vel
1042 1765 1099 1826 epe

92 1833 283 1916 cogitentur.
329 1830 417 1896 Num
440 1831 516 1916 quid
540 1836 590 1895 est
612 1830 722 1896 aliud?
749 1837 878 1897 rectene
905 1832 1099 1914 interpretor

92 1920 286 1984 sententiam
313 1920 426 1984 tuam?
471 1917 585 1985 Solent
613 1919 699 1984 enirn
728 1918 783 1984 isti
814 1940 933 2003 negare
965 1941 1025 1984 nos
1052 1920 1099 1983 in·

91 2007 254 2091 tellegere,
278 2007 354 2090 quid
378 2007 465 2073 dicat
487 2006 654 2091 Epicurus.
699 2006 771 2072 Hoc
794 2007 881 2090 dicit,
903 2011 936 2071 et
957 2007 1019 2073 hoc
1042 2007 1099 2071 ille
1117 2027 1151 2076 38

92 2095 247 2160 acriculus
280 2116 332 2158 me
364 2095 512 2160 audiente
535 2095 673 2160 Athenis
705 2117 803 2160 senex
830 2094 929 2178 Zeno,
961 2095 1100 2160 istorum

93 2183 309 2263 acutissimus,
332 2183 523 2247 contendere
546 2186 580 2247 et
597 2203 717 2265 magna
735 2204 812 2248 voce
835 2183 939 2248 dicere
963 2185 1098 2267 solebat,

92 2292 165 2333 eum
180 2290 249 2334 esee
267 2269 408 2354 beatum,
427 2270 482 2353 qui
500 2271 725 2352 praesentibus
740 2271 961 2354 voluptatibus
979 2271 1099 2336 fruere*

92 2362 146 2420 tur
178 2355 413 2439 confideretque
445 2378 480 2422 se
511 2357 685 2422 fruiturum
718 2362 774 2422 aut
800 2359 834 2422 in
865 2359 954 2424 omni
980 2363 1037 2423 aut
1064 2359 1099 2422 in

91 2465 211 2528 magna
241 2448 333 2528 parte
362 2444 446 2508 vitae
479 2444 589 2510 dolore
620 2467 687 2511 non
712 2445 946 2511 interveniente
973 2451 1042 2529 aut,
1070 2446 1098 2510 si

92 2533 312 2617 interveniret,
344 2532 372 2596 si
400 2554 544 2596 summus
573 2533 671 2615 foret,
702 2533 845 2597 futurum
875 2535 1016 2616 brevem,
1048 2533 1098 2596 sin

91 2621 290 2705 productior,
312 2620 385 2706 plus
413 2620 600 2685 habiturum
628 2621 757 2685 iucundi
780 2643 875 2705 quam
904 2621 992 2706 mali3
1020 2622 1098 2685 haec

92 2710 290 2793 cogitantem
318 2708 388 2773 fore
416 2709 563 2792 beatum,
594 2709 785 2793 praesertim
812 2711 841 2773 si
868 2711 900 2774 et
928 2719 1002 2773 ante
1028 2730 1099 2791 per-

92 2799 193 2879 ceptis
216 2798 310 2862 bonis
333 2800 504 2861 contentus
528 2802 614 2861 esset
635 2803 664 2862 et
684 2817 744 2860 nec
771 2800 910 2860 mortem
936 2817 995 2860 nec
1022 2796 1098 2860 deos

92 2885 321 2949 extimesceret.
345 2884 454 2948 Habes
468 2884 605 2949 formam
616 2884 749 2968 Epicuri
763 2885 848 2948 vitae
862 2884 976 2949 beatae
990 2883 1098 2948 verbis

91 2970 227 3035 Zenonis
251 2993 450 3055 expressam,
473 2972 555 3035 nihil
579 2977 616 3036 ut
638 2972 743 3055 possit
764 2972 886 3056 negari.

454 3224 505 3298 22,
525 3223 608 3281 52-
615 3225 664 3296 25
685 3227 735 3283 60.

157 3323 513 3405 arcesseremusne
528 3324 613 3391 teeti
615 3323 788 3406 areueiltteu
798 3269 1099 3406 ssiuteruuueuittete,

90 3424 132 3477 tue
133 3412 205 3493 Ides
228 3413 310 3494 turdp
332 3411 479 3492 hettttmte
502 3412 643 3492 {trifulcis
671 3425 728 3478 ιιι
751 3413 849 3478 (dicero
879 3415 1017 3478 rettulert
1040 3415 1099 3477 unt

91 3501 239 3581 sateltipt
261 3500 342 3565 mitt.
380 3501 438 3567 hie
461 3501 702 3580 ιἰιειιιᾶῐιίςιιιι
721 3501 857 3582 lssirturu
877 3501 956 3566 eiuee
978 3502 1047 3581 pits
1049 3501 1098 3580 ua
