2476 3848
473 135 714 201 ..145-

95 319 295 382 quacumque
312 299 447 364 ratione.
474 297 513 364 Id
536 303 643 364 autem
661 304 789 366 tantum
808 301 903 366 abest
920 302 962 368 ab
981 301 1097 387 officio,

94 389 131 450 ut
152 385 235 449 nihil
258 387 364 471 magis
386 386 493 452 officio
515 387 620 471 possit
643 409 713 452 esse
738 389 944 454 eontrarium.
980 388 1097 454 Viden·

95 473 171 537 dum
194 477 243 537 est
265 473 377 559 igitur,
398 478 436 539 ut
457 496 496 539 ea
518 474 715 540 liberalitate
732 479 871 560 utamur,
915 497 975 541 uae
992 477 1097 562 prosit

95 561 221 642 amieis,
247 565 364 626 noceat
385 562 515 626 nemini,
560 561 665 637 Quare
686 561 722 626 L.
746 560 868 646 Sullae,
891 499 925 628 ὃ.
949 562 1097 629 Caesaris

94 648 301 732 pecuniarum
323 649 497 714 translatio
520 672 541 713 a
560 650 655 714 iustis
674 650 812 714 dominis
831 650 872 715 ad
890 651 1013 716 alienos
1030 671 1098 716 non

95 736 190 800 debet
216 736 361 800 liberalis
387 737 502 819 videri3
531 736 615 801 nihil
643 741 694 802 est
720 737 806 802 enim
833 738 981 823 liberale,
1011 738 1097 824 quod

94 845 160 888 non
182 823 267 888 idem
288 824 421 888 iustum.
465 823 560 888 Alter
583 825 672 889 loeus
696 829 766 889 erat
788 825 959 909 cautionis,
980 847 1020 890 ne
1044 826 1096 890 be·
1114 842 1149 891 44

93 911 237 996 nignitas
258 912 362 976 maior
385 914 470 976 esset
492 933 590 996 quam
610 911 793 996 facultates,
816 913 910 996 quod,
933 914 988 997 441
1009 913 1096 978 beni-

96 999 224 1083 gniores
247 1000 362 1064 volunt
385 1020 464 1082 esse,
490 1021 587 1082 quam
608 1021 660 1063 res
683 999 816 1083 patitur,
838 1000 979 1085 primum
1001 1000 1096 1066 ineo

95 1090 242 1170 peceant,
269 1087 354 1170 quod
376 1086 525 1151 iniuriosi
548 1090 623 1150 sunt
645 1087 680 1150 in
701 1087 881 1173 proximos3
909 1110 988 1173 quas
1012 1088 1096 1154 enim

95 1174 204 1257 copias
226 1173 278 1238 his
301 1179 335 1238 et
357 1174 556 1259 suppeditari
579 1174 711 1258 aequius
735 1179 785 1239 est
807 1179 840 1239 41
862 1176 1014 1260 relinqui,
1042 1197 1097 1241 eas

94 1261 296 1326 transferunt
310 1261 351 1327 ud
367 1262 499 1327 alienos.
534 1260 624 1326 Inest
642 1265 751 1326 autem
768 1262 803 1326 in
820 1263 882 1327 tali
900 1264 1096 1331 liberalitate

95 1348 253 1432 cupiditas
271 1350 460 1434 plerumque
478 1349 624 1434 rapiendi
642 1353 675 1413 et
689 1349 852 1414 auferendi
866 1371 923 1434 per
937 1351 1097 1434 iniuriam,

95 1439 132 1501 ut
150 1436 191 1500 ad
208 1437 411 1522 largiendum
430 1441 605 1521 suppetant
623 1436 742 1520 copiae.
773 1435 891 1500 Videre
908 1437 1007 1502 etiam
1021 1438 1097 1502 lieet

95 1524 265 1608 plerosque
277 1528 426 1589 nontam
439 1528 558 1589 natura
569 1523 721 1588 liberales
732 1545 829 1607 quam
839 1524 977 1606 quadam
992 1524 1097 1610 gloria

95 1611 217 1695 ductos,
239 1615 277 1676 ut
298 1612 433 1677 benefici
455 1612 632 1695 videantur,
654 1610 760 1677 faeere
783 1611 896 1692 multa,
922 1632 1003 1694 quae
1025 1632 1097 1695 pro-

93 1698 193 1764 ficisci
211 1698 253 1763 ab
270 1700 487 1764 ostentatione
505 1699 610 1784 magis
631 1720 728 1782 quarn
746 1721 767 1762 a
784 1699 952 1763 voluntate
970 1697 1097 1764 videan-

93 1789 156 1850 tur.
201 1785 291 1850 Talis
319 1790 427 1851 autem
455 1787 620 1851 simulatio
649 1785 788 1850 vanitati
815 1789 865 1850 est
898 1786 1097 1851 coniunctior

95 1895 193 1956 quam
215 1877 272 1938 aut
294 1874 486 1939 liberalitati
507 1877 564 1939 aut
582 1874 753 1939 honestati.
790 1871 936 1938 Tertium
955 1877 1004 1939 est
1024 1895 1096 1958 pro·
1115 1888 1150 1939 45

95 1961 252 2046 positum,
279 1965 316 2026 ut
342 1961 378 2026 in
403 1961 613 2027 beneficentia
641 1961 776 2026 dilectus
805 1965 890 2026 esset
913 1961 1097 2046 dignitatis3

95 2049 130 2111 in
153 2069 215 2130 quo
239 2052 272 2112 et
295 2070 400 2114 mores
424 2049 491 2114 eius
515 2052 609 2114 erunt
632 2048 806 2133 spectandi,
828 2049 863 2113 in
887 2071 982 2132 quem
1004 2049 1097 2115 bene·

95 2135 204 2199 ficium
222 2135 411 2220 conferetur,
425 2139 459 2201 et
476 2136 603 2202 animus
617 2158 695 2221 erga
708 2158 767 2201 nos
786 2140 819 2201 et
833 2137 1046 2201 communitas
1061 2158 1098 2201 44

96 2221 235 2286 44414144
257 2223 344 2288 vitae
362 2227 396 2288 et
417 2224 458 2288 441
476 2228 606 2289 nostras
625 2223 786 2289 utilitates
806 2223 913 2289 officia
931 2227 1007 2289 ante
1026 2245 1098 2289 eon-

96 2310 178 2392 14144
195 2331 275 2393 4444
289 2314 326 2375 41
346 2314 538 2376 eoneurrant
558 2310 679 2393 omnia,
694 2311 838 2395 optabile
852 2315 917 2394 est3
941 2311 1098 2395 41441444,

95 2397 205 2481 plures
228 2419 343 2463 causae
365 2398 566 2480 maioresque
589 2395 739 2482 ponderis
762 2398 835 2481 plus
858 2398 1033 2463 habebunt.

162 2483 320 2559 Quoniam
343 2489 452 2551 autem
474 2484 594 2549 vivitur
616 2505 682 2548 non
702 2505 774 2549 oum
791 2483 942 2568 perfectis
960 2462 1151 2589 homini-14}

96 2571 156 2635 bus
173 2573 333 2657 planeque
352 2572 560 2658 sapientibus,
583 2571 638 2635 sed
657 2591 729 2636 euru
747 2570 797 2650 iis,
818 2570 854 2634 in
873 2570 988 2652 quibus
1006 2592 1097 2655 prae-

96 2659 182 2723 clare
205 2660 314 2745 agitur
336 2660 364 2725 si
387 2663 463 2723 sunt
486 2658 659 2723 simulacra
680 2657 825 2740 virtutis,
848 2656 946 2720 etiam
968 2657 1030 2720 hoo
1052 2657 1098 2720 in·

96 2746 315 2831 tellegendum
332 2751 422 2833 puto,
439 2747 602 2811 neminem
620 2745 751 2810 omnino
770 2764 840 2808 esse
854 2743 1098 2829 neglegendum,

96 2832 131 2894 in
153 2854 215 2915 quo
239 2834 349 2918 aliqua
371 2834 565 2919 significatio
588 2832 719 2898 virtutis
743 2834 907 2916 appareat,
930 2831 1098 2897 solendum

97 2921 205 2983 autem
228 2942 297 2986 4444
319 2923 368 2985 114
391 2943 548 3004 quemque
570 2920 719 3003 maxime,
743 2923 780 2984 41
803 2918 936 3003 4414444
959 2920 1098 2984 maxime

96 3006 271 3072 virtutibus
293 3007 345 3072 his
368 3009 546 3073 lenioribus
570 3008 631 3073 erit
654 3010 800 3090 ornatus,
825 3007 997 3092 modestia,
1019 3011 1100 3072 tem·

95 3095 255 3179 perantia,
286 3095 349 3160 hae
379 3096 464 3179 ipsa,
499 3096 537 3160 de
570 3117 633 3179 444
664 3095 768 3159 multa
799 3094 864 3158 iam
897 3093 982 3160 diota
1014 3099 1098 3180 sunt,

95 3181 229 3246 iustitia.
274 3182 361 3248 Nam
386 3182 482 3247 fortis
515 3184 640 3248 animus
672 3185 705 3246 et
735 3202 873 3268 magnus
903 3181 938 3246 in
968 3182 1098 3247 homine

95 3290 161 3332 non
186 3270 329 3354 perfeeto
356 3292 415 3335 nea
446 3270 590 3355 sapiente
620 3269 797 3335 ferventior
823 3270 1012 3354 plerumque
1039 3273 1098 3352 est,
1172 3304 1176 3329 1

95 3355 172 3420 illae
194 3358 332 3422 virtutes
355 3358 476 3422 bonum
499 3358 605 3423 virum
627 3357 776 3424 videntur
797 3356 907 3444 potius
928 3357 1099 3442 attingere.

95 3440 203 3527 Atque
225 3445 305 3510 haee
327 3445 361 3509 in
383 3444 537 3512 moribus.

155 3550 336 3604 waltratae,
352 3548 526 3604 4144114144.
540 3545 654 3602 41411144.
921 3548 959 3598 xo
