2476 3848
525 154 763 220 -390-

144 338 328 382 maxumum
359 315 491 399 dixerit,
527 316 673 399 quamvis
709 314 796 379 idem
824 314 1009 380 forticulum
1045 337 1079 380 se
1112 316 1149 383 in

142 403 336 469 torminibus
368 406 402 468 et
431 403 466 470 in
493 405 678 489 stranguria
705 426 763 468 sua
793 403 954 486 praebeat
1007 401 1150 489 Aliunde

143 493 243 577 igitur
265 497 315 556 est
337 490 518 576 quaerenda
539 492 708 570 medicina,
732 495 765 556 et
787 491 926 555 maxime
949 491 1086 575 quidem,
1109 494 1151 576 si,

143 581 219 664 quid
250 580 388 644 maxime
420 583 668 646 consentaneum
701 579 755 660 sit,
791 579 987 662 quaerimus,
1023 580 1063 644 ab
1096 580 1149 664 iis,

142 669 272 752 quibus,
303 667 387 751 quod
417 667 590 733 honestum
622 669 679 750 sit,
711 688 869 731 summum
897 667 1030 749 bonum,
1061 671 1150 752 quod

141 764 249 840 turpe,
271 777 432 820 summum
455 755 581 819 videtur
603 756 733 819 malum.
777 753 839 818 His
862 757 898 818 tu
921 758 1148 839 praesentibus

142 865 269 929 gemere
296 847 328 907 et
354 844 475 907 iactare
502 846 535 906 te
557 864 623 908 non
650 842 781 907 audebis
809 842 969 927 profect03
996 844 1150 928 loquetur

88 929 596 1116 pressusque
619 935 885 1102 erens,
933 1020 1148 1086 Μ

143 1107 322 1191 Olympiae,
344 1106 499 1170 barbaros
521 1106 557 1169 in
579 1106 698 1171 harena
721 1106 838 1170 videris
862 1107 1050 1191 excipientis
1073 1130 1148 1194 gra-

141 1196 292 1259 vissimas
319 1195 432 1278 plagas
460 1197 493 1258 et
513 1193 647 1258 ferentis
671 1195 813 1277 silentio,
842 1195 924 1260 site
946 1195 1030 1260 forte
1053 1196 1149 1263 dolor

142 1284 259 1367 aliquis
290 1282 489 1366 pervellerit,
522 1282 715 1346 exclamabis
746 1287 783 1347 ut
813 1282 942 1366 mulier,
973 1305 1038 1348 non
1071 1307 1146 1351 oon·

142 1375 267 1437 stanter
294 1376 326 1435 et
353 1370 463 1435 sedate
485 1369 591 1434 feres?
615 1407 657 1417 -
680 1369 765 1434 Fieri
787 1392 853 1434 non
875 1375 999 1455 potest3
1028 1376 1148 1438 natura

140 1483 208 1527 non
238 1460 369 1543 patitur.
402 1495 444 1504 —
477 1458 591 1523 Audio.
645 1457 739 1522 Pueri
770 1458 880 1522 ferunt
914 1460 1017 1544 gloria
1049 1461 1146 1544 ducti,

140 1550 249 1614 ferunt
270 1548 392 1632 pudore
411 1546 480 1624 alii,
502 1546 595 1610 multi
619 1551 721 1629 metu,
745 1550 777 1611 et
799 1550 909 1611 tamen
926 1569 1084 1632 veremur,
1108 1554 1146 1614 ut

140 1637 216 1715 hoc,
246 1636 332 1720 quod
355 1658 375 1699 a
396 1638 464 1698 tam
487 1635 598 1698 multis
620 1638 653 1698 et
675 1634 759 1719 quod
782 1637 834 1699 tot
855 1635 935 1699 locis
957 1637 1144 1719 perferatur,

140 1728 258 1788 natura
280 1722 445 1806 patiatur?
488 1721 551 1786 Illa
572 1744 648 1787 vero
671 1745 735 1787 non
758 1722 853 1788 modo
876 1724 1010 1807 patitur,
1032 1745 1140 1787 verum

142 1813 239 1876 etiam
265 1811 423 1895 postulat3
451 1810 533 1874 nihil
560 1810 643 1873 enim
671 1810 771 1874 habet
793 1811 1021 1894 praestantius,
1049 1811 1143 1893 nihil,

141 1900 225 1984 quod
247 1899 352 1982 magis
377 1901 505 1980 expetat
527 1919 623 1980 quam
645 1897 864 1982 honestatem,
888 1919 984 1983 quarn
1007 1898 1144 1982 laudem,

141 2009 237 2070 quam
264 1986 470 2070 dignitatem,
497 1986 593 2068 quain
621 1985 725 2050 decus.
775 1986 874 2051 Hisce
905 2006 965 2070 ego
997 1987 1145 2070 pluribus

139 2074 324 2138 nominibus
342 2095 439 2136 unam
458 2094 524 2136 rem
543 2072 699 2138 declarari
717 2074 801 2159 volo,
821 2074 875 2140 sed
892 2077 976 2158 utor,
993 2079 1030 2140 ut
1048 2097 1147 2160 quam

141 2161 280 2225 maxime
304 2160 495 2245 significem,
517 2160 672 2243 pluribus.
707 2160 792 2227 Volo
811 2167 919 2228 autem
938 2162 1043 2228 dicere
1062 2164 1144 2228 illud

140 2248 265 2312 homini
291 2248 387 2332 longe
415 2251 582 2330 optumum
609 2270 692 2333 esse,
720 2251 803 2333 quod
829 2251 937 2334 ipsum
966 2253 1010 2316 sit
1032 2257 1147 2337 optan-

141 2337 217 2402 dum
239 2358 297 2420 per
324 2357 417 2419 se,a
444 2335 561 2400 virtute
588 2336 768 2420 profectum
796 2339 846 2404 vel
876 2339 910 2404 in
932 2340 1006 2422 ipsa
1027 2341 1147 2404 virtute

141 2425 253 2509 situm,
290 2445 347 2489 sua
384 2427 500 2507 opunte
541 2424 715 2510 laudabile,
756 2426 841 2510 quod
881 2427 1010 2511 quidem
1050 2428 1146 2491 citius

140 2513 275 2578 dixerim
298 2513 404 2577 solum
426 2533 522 2596 quam
544 2534 790 2579 nonsummum
813 2515 942 2580 bonum.
978 2513 1085 2596 Atque
1109 2519 1147 2577 ut

138 2602 219 2667 haec
250 2602 288 2665 de
320 2601 473 2684 honesto,
504 2600 549 2665 sic
575 2601 614 2666 de
646 2603 733 2686 turpi
766 2602 938 2684 contraria,
963 2600 1047 2664 nihil
1076 2605 1145 2665 tam

138 2693 293 2771 taetrum,
324 2688 406 2753 nihil
438 2692 507 2752 tam
540 2691 788 2773 aspernandum,
818 2687 903 2752 nihil
933 2688 1063 2753 homine
1096 2689 1144 2752 in·

138 2777 279 2861 dignius.

69 2860 121 3011 'pss
206 2864 298 2942 Quod
321 2865 349 2929 si
371 2864 433 2928 tibi
454 2886 642 2948 persuasum
665 2871 715 2930 est
737 2865 907 2952 (principio
927 2864 1014 2928 enim
1036 2865 1146 2930 dixisti

77 2986 80 2991 ¹
138 2953 211 3036 plus
229 2953 265 3017 in
282 2953 434 3018 dedecore
453 2953 534 3017 mali
554 2954 616 3018 tibi
634 2954 735 3018 videri
752 2975 848 3037 quam
866 2954 901 3018 in
920 2949 1054 3038 dolore),
1072 2954 1146 3017 reli-

139 3061 238 3124 quum
257 3045 320 3124 est,
342 3044 380 3105 ut
400 3043 469 3104 tute
488 3041 550 3104 tibi
567 3041 719 3125 imperes;
742 3062 935 3126 quamquam
955 3040 1018 3107 hoc
1036 3043 1146 3106 nescio

139 3148 202 3211 quo
226 3129 321 3193 modo
346 3128 475 3212 dicitur,
498 3129 592 3214 quasi
615 3129 676 3193 duo
700 3129 815 3213 simus,
837 3134 875 3194 ut
897 3131 978 3195 alter
1001 3130 1146 3212 imperet,

83 3213 127 3279 21
140 3215 223 3279 alter
253 3220 378 3300 pareat3
409 3239 476 3283 non
506 3217 621 3281 inscite
652 3221 761 3281 tamen
793 3218 919 3283 dicitur.
967 3216 1030 3282 Est
1059 3216 1144 3280 enim

140 3304 267 3367 animus
286 3303 321 3367 in
339 3306 442 3387 partis
460 3304 601 3369 tributus
619 3304 711 3387 duas,
734 3327 870 3389 quarum
889 3307 990 3371 altera
1008 3303 1144 3370 rationis

140 3396 191 3456 est
212 3391 388 3476 particeps,
415 3393 517 3457 altera
540 3413 661 3475 expers.
713 3389 795 3457 (lum
818 3394 917 3478 igitur
939 3392 1145 3477 praecipitur,

69 3469 100 3634 ἱ
137 3483 177 3544 ut
194 3480 355 3545 nobismet
372 3480 452 3564 ipsis
471 3481 677 3564 imperemus,
695 3479 757 3546 hoc
775 3480 983 3564 praecipitur,
1005 3482 1042 3544 ut
1059 3480 1145 3544 ratio
