2476 3848
526 184 767 249 -168—

90 311 142 440 {25
209 342 258 408 Ac
285 341 408 407 duabus
435 341 476 406 iis
505 342 667 427 personis,
698 364 778 426 quas
811 363 910 427 supra
942 342 1021 426 dixi,
1052 343 1153 408 tertia

144 430 345 516 adiungitur,
378 451 475 514 quam
507 452 601 495 casus
632 430 733 514 aliqui
761 433 818 495 aut
849 434 977 515 tempus
1009 431 1152 516 inponit3

144 522 261 603 quarta
284 518 396 602 etiam,
424 538 522 602 quam
548 517 711 582 nobismet
737 517 802 603 ipsi
824 517 942 584 iudicio
964 522 1078 583 nostro
1102 541 1152 584 ac·

143 606 393 671 commodamus.
424 604 511 671 Nam
527 626 637 691 regna,
654 605 800 690 imperia,
818 605 984 690 nobilitas,
1002 607 1153 690 honores,

143 693 284 778 divitiae,
307 715 385 779 opes
408 715 518 777 eaque,
541 714 623 777 quae
646 696 723 758 sunt
744 693 796 757 his
820 694 992 778 contraria,
1016 693 1052 758 in
1073 715 1152 759 casu

143 781 207 847 sita
224 782 425 867 temporibus
444 782 679 866 gubemantur3
702 781 766 865 ipsi
790 785 897 846 autem
917 802 1029 867 gerere
1053 803 1151 865 quam

142 890 314 954 personam
344 869 496 953 velimus,
531 892 551 933 a
581 872 695 933 nostra
725 869 894 934 voluntate
925 869 1151 954 proficiscitur.

141 956 256 1041 Itaque
281 978 315 1021 se
338 956 394 1020 alii
417 956 458 1021 ad
479 956 731 1041 philosophiam,
754 957 811 1020 alii
833 956 942 1021 adius
966 957 1070 1040 civile,
1094 958 1151 1022 alii

143 1044 184 1109 ad
202 1044 421 1128 eloquentiam
439 1045 614 1129 applicant,
631 1044 840 1128 ipsarumque
858 1044 1018 1109 virtutum
1036 1044 1071 1108 in
1085 1045 1152 1110 alia

91 1148 141 1199 116
157 1132 240 1196 alius
250 1132 374 1197 mavult
385 1133 547 1198 excellere.
570 1131 714 1208 Quorum
722 1152 800 1197 vero
813 1135 924 1216 patres
939 1134 996 1196 aut
1010 1132 1150 1198 maiores

144 1220 254 1305 aliqua
268 1220 374 1307 gloria
391 1220 632 1304 praestiterunt,
649 1219 674 1283 ii
689 1219 819 1283 student
832 1220 1023 1304 plerumque
1038 1219 1152 1285 eodem

142 1307 178 1372 in
200 1328 316 1392 genere
339 1308 444 1372 laudis
467 1308 632 1391 excellere,
654 1309 691 1371 ut
714 1305 750 1382 Q.
773 1306 898 1372 Mucius
921 1306 956 1373 P.
979 1307 1001 1372 f.
1024 1307 1059 1371 in
1079 1307 1151 1373 iure

143 1395 245 1479 civili,
274 1396 368 1461 Pauli
393 1396 480 1460 filius
503 1394 677 1461 Africanus
704 1394 739 1459 in
765 1417 800 1460 re
822 1395 966 1460 militari.
1012 1393 1151 1470 Quidam

144 1488 253 1549 autem
276 1483 393 1548 adeas
416 1484 537 1568 laudes,
561 1505 641 1568 quas
665 1505 685 1548 a
704 1483 854 1568 patribus
873 1487 1074 1568 acceperunt,
1097 1483 1151 1547 ad·

143 1573 223 1637 dunt
246 1573 389 1656 aliquam
412 1593 513 1656 suam,
535 1575 573 1636 ut
595 1571 648 1636 hic
667 1571 753 1635 idem
772 1569 945 1635 Africanus
965 1571 1150 1655 eloquentia

143 1661 320 1725 cumulavit
346 1660 497 1725 bellicam
525 1659 678 1745 gloriam,
711 1659 796 1742 quod
823 1659 907 1723 idem
939 1658 1016 1725 fecit
1044 1659 1151 1724 Timo·

143 1748 238 1813 theus
257 1745 398 1813 Cononis
416 1748 512 1831 filius,
535 1747 591 1830 qui
613 1769 686 1811 cum
708 1746 788 1810 belli
810 1746 905 1810 laude
927 1768 994 1812 non
1015 1746 1150 1812 inferior

141 1835 258 1900 fuisset
277 1857 373 1919 quam
387 1838 490 1918 pater,
508 1835 549 1899 ad
564 1856 636 1899 cam
649 1835 779 1898 laudem
793 1834 959 1900 doctrinae
975 1837 1008 1900 et
1026 1834 1150 1919 ingenii

143 1923 282 2008 gloriam
311 1922 435 1987 adiecit.
479 1921 533 1986 Fit
561 1925 670 1987 autem
696 1922 872 2004 interdum,
903 1925 940 1987 ut
970 1944 1037 1987 non
1066 1923 1150 1986 nulli

142 2011 263 2075 omissa
286 2010 468 2075 imitatione
488 2010 648 2075 maiorum
667 2030 760 2074 suum
779 2010 941 2094 quoddam
959 2010 1149 2075 institutum

144 2101 393 2181 consequantur,
422 2098 623 2180 maximeque
645 2098 680 2162 in
703 2119 740 2162 eo
763 2099 953 2182 plerumque
977 2098 1149 2163 elaborant

92 2185 1147 2358 mitti,bittitPttlftttltlttttt,bittit

143 2360 241 2445 plecti
264 2360 371 2426 animo
396 2364 428 2426 et
446 2324 643 2447 cogitatione
662 2323 828 2445 debemub3
849 2361 884 2426 in
902 2362 1015 2446 primis
1034 2323 1149 2427 butem

144 2448 404 2514 constituendum
430 2453 493 2533 est,
523 2471 603 2533 quos
630 2471 691 2514 nos
718 2452 752 2515 et
779 2450 889 2533 quales
917 2471 987 2515 esse
1009 2450 1147 2516 velimus

144 2540 177 2600 et
199 2537 234 2601 in
256 2558 319 2621 quo
343 2557 460 2624 genere
483 2537 582 2621 vitae,
613 2559 694 2621 quac
717 2537 907 2603 deliberatio
931 2543 982 2602 est
1005 2538 1149 2603 omnium

144 2623 342 2690 difficillima.
369 2625 504 2690 Ineunte
519 2625 603 2690 enim
618 2625 845 2710 adulescentia,
858 2648 931 2691 cum
945 2629 996 2690 est
1008 2626 1150 2692 maxima

143 2713 338 2779 inbecillitas
361 2713 497 2797 consilii,
520 2718 589 2778 tum
612 2713 647 2778 id
670 2714 732 2778 sibi
755 2715 889 2799 quisque
908 2734 1010 2799 genus
1030 2715 1148 2780 aetatis

143 2801 306 2887 degendae
334 2802 516 2885 constituit,
549 2802 635 2885 quod
661 2802 801 2866 maxime
829 2801 1006 2887 adamavit3
1038 2803 1150 2886 itaque

143 2894 218 2954 ante
240 2889 427 2974 implicatur
450 2890 559 2973 aliquo
583 2894 671 2955 certo
695 2911 811 2975 genere
835 2911 993 2974 cursuque
1011 2891 1149 2975 vivendi,

91 2991 141 3041 118
157 2997 254 3059 quam
280 2977 401 3060 potuit,
434 2978 520 3060 quod
547 2977 706 3062 optimum
738 2981 836 3061 esset,
867 2977 1017 3044 iudicare.
1062 2977 1148 3044 Nam

143 3062 419 3147 quodHerculem
437 3063 591 3130 Prodicus
615 3066 702 3150 dicit,
723 3070 761 3130 ut
784 3069 833 3130 est
852 3066 938 3151 apud
955 3066 1149 3151 Xenophon·

142 3155 222 3233 tem,
245 3172 318 3215 cum
340 3152 481 3235 primum
503 3154 705 3238 pubesceret,
730 3154 815 3238 quod
836 3158 965 3239 tempus
990 3176 1009 3219 a
1030 3157 1148 3218 natura

143 3237 183 3302 ad
206 3238 420 3323 deligendum,
444 3263 540 3324 quam
560 3242 694 3326 quisque
712 3243 799 3307 viam
817 3243 946 3308 vivendi
964 3241 1008 3306 sit
1026 3242 1148 3326 ingres-

142 3346 245 3409 surus,
264 3326 375 3391 datum
394 3331 453 3413 est,
472 3329 575 3394 exisse
593 3331 628 3395 in
642 3331 850 3397 solitudinem
865 3333 962 3414 atque
977 3328 1025 3393 ibi
1039 3328 1148 3393 seden-

141 3417 209 3478 tem
236 3413 290 3478 diu
318 3437 426 3480 secum
452 3418 655 3501 multumque
678 3419 857 3503 dubitasse,
884 3439 956 3484 cum
980 3416 1060 3482 duas
1084 3438 1149 3482 cer·

63 3478 232 3630 *neret
254 3501 334 3589 vias,
356 3527 455 3571 unam
477 3504 676 3592 Voluptatis,
699 3507 837 3572 alteram
858 3503 1016 3591 Virtutis,
1038 3508 1148 3571 utram

412 3774 419 3813 l
