2476 3848
472 156 715 222 -175-

90 326 167 409 riae,
192 325 227 389 in
250 325 366 408 quibus
388 324 544 390 utendum
566 327 617 390 est
637 323 779 390 fortasse
800 327 835 389 et
856 325 945 392 vocis
967 328 1097 392 conten·
1229 335 1230 338 ’

91 414 180 479 tione
203 413 325 477 maiore
348 416 382 477 et
404 412 577 477 verborum
600 413 763 497 gravitate
785 411 923 494 acriore,
944 411 979 478 id
1000 434 1097 500 agen·

91 502 167 566 dum
191 501 303 583 etiam,
325 504 362 564 ut
385 521 424 565 ea
445 499 552 565 facere
573 500 741 565 videamur
762 499 848 565 irati.
892 497 969 584 Sed,
995 505 1033 565 ut
1055 501 1097 566 ad

90 588 247 654 urendum
275 592 308 652 et
334 587 522 672 secandum,
553 587 600 655 sie
627 587 757 653 adhoc
784 608 885 673 genus
913 587 1097 674 castigandi

90 698 165 742 raro
187 676 346 760 invitique
369 676 534 741 veniemus
555 696 616 740 nec
637 696 791 760 umquam
817 675 881 740 nisi
904 675 1097 760 necessario,

91 765 120 828 si
141 765 233 828 nulla
255 763 434 847 reperietur
456 763 523 828 alia
543 763 715 847 medicina3
744 762 801 828 sed
827 767 938 828 tamen
957 764 1007 830 ira
1023 784 1097 849 pro·

91 853 143 918 cul
167 852 267 932 absit,
290 873 363 915 cum
386 872 451 935 qua
471 850 555 915 nihil
576 855 662 916 reete
684 851 768 934 fieri,
790 850 873 916 nihil
896 852 1097 918 considerate

90 943 209 1025 potest.
244 938 399 1024 Magnam
418 942 527 1003 autem
544 942 671 1024 partem
693 939 845 1004 clementi
867 939 1083 1025 castigatione
1099 954 1147 1006 187

90 1029 168 1092 licet
190 1027 252 1110 uti,
280 1027 442 1112 gravitate
469 1030 581 1090 tamen
607 1026 771 1110 adiuncta,
799 1031 837 1092 ut
863 1028 1020 1093 severitas
1044 1027 1097 1092 ad-

89 1114 241 1179 hibeatur
264 1118 298 1178 et
325 1114 521 1179 contumelia
546 1114 737 1198 repellatur,
764 1118 861 1200 atque
888 1115 988 1182 etiam
1014 1114 1097 1181 illud

90 1203 206 1287 ipsum,
221 1200 307 1285 quod
320 1201 508 1266 acerbitatis
521 1201 622 1266 habet
636 1201 831 1286 obiurgatio,
849 1203 1096 1288 significandum

91 1294 154 1373 est,
181 1289 284 1374 ipsius
305 1289 340 1353 id
362 1310 472 1372 eausa,
501 1289 556 1373 qui
579 1289 781 1372 obiurgetur,
808 1310 878 1354 esse
900 1295 1097 1377 susceptum.

90 1377 228 1442 Rectum
250 1380 301 1440 est
323 1379 433 1441 autem
456 1376 555 1440 etiam
577 1375 613 1440 in
633 1375 701 1439 illis
721 1376 991 1461 contentionibus,
1015 1400 1097 1462 quae

91 1487 164 1530 cum
186 1463 418 1529 inimicissimis
441 1464 536 1547 fiunt,
563 1463 692 1528 etiamsi
714 1462 809 1527 nobis
832 1464 966 1550 indigna
989 1466 1097 1530 audia-

91 1575 173 1634 mus,
195 1555 306 1616 tamen
328 1552 525 1638 gravitatem
542 1551 689 1633 retinere,
711 1550 911 1616 iracundiam
931 1552 1096 1636 repellere.
1213 1594 1216 1600 -

91 1639 179 1716 Quae
207 1640 293 1704 enim
320 1662 394 1705 cum
425 1639 535 1724 aliqua
565 1637 810 1724 perturbatione
841 1639 936 1721 fiunt,
969 1660 1008 1704 ea
1023 1660 1097 1705 nec

91 1731 278 1793 constanter
304 1727 375 1792 fieri
402 1730 540 1812 possunt
565 1747 668 1810 neque
695 1725 750 1810 iis,
784 1725 839 1809 qui
867 1724 998 1810 adsunt,
1024 1747 1097 1811 pro·

90 1816 170 1881 bari.
206 1815 361 1881 Deforme
379 1815 478 1880 etiam
497 1819 547 1879 est
565 1814 603 1879 de
622 1835 657 1879 se
678 1813 786 1898 ipsum
808 1812 994 1898 praedicare
1011 1813 1097 1879 falsa

90 1904 282 1988 praesertim
305 1906 434 1968 etcum
457 1902 610 1967 inrisione
638 1901 838 1967 audientium
864 1901 988 1967 imitari
1014 1902 1097 1966 mili-

91 1997 158 2056 tem
182 1992 369 2076 gloriosum.

156 2078 201 2143 Et
225 2079 378 2162 quoniam
401 2077 510 2144 omnia
528 2077 758 2163 persequimur,
781 2079 931 2144 volumus
955 2078 1083 2163 quidem
1099 2047 1149 2174 1382

92 2169 191 2249 certe,
219 2166 387 2231 dicendum
409 2170 460 2231 est
487 2166 599 2249 etiam,
628 2167 758 2250 qualem
780 2166 921 2231 hominis
944 2166 1097 2232 honorati

92 2256 125 2317 et
147 2252 303 2337 principis
327 2253 458 2319 domum
475 2254 603 2339 placeat
625 2275 705 2337 esse,
728 2253 818 2319 euius
840 2254 914 2318 finis
938 2257 989 2319 est
1010 2275 1097 2338 usus,

92 2339 133 2404 ad
156 2361 251 2422 quem
279 2342 547 2407 accommodanda
569 2344 620 2406 est
647 2340 837 2408 aedificandi
863 2340 1036 2426 descriptio
1064 2344 1097 2408 et

90 2432 204 2492 tamen
221 2427 404 2493 adhibenda
417 2429 656 2495 commoditatis
671 2428 904 2513 dignitatisque
918 2429 1096 2515 diligentia.

91 2514 148 2581 Cn.
172 2514 317 2600 Octavio,
340 2516 396 2600 qui
417 2517 540 2602 primus
563 2539 602 2582 ex
624 2515 684 2581 illa
705 2514 833 2580 familia
855 2517 968 2580 consul
989 2516 1096 2581 faetus

91 2606 154 2686 est,
177 2603 293 2669 honori
315 2603 415 2669 fuisse
438 2603 632 2688 accepimus,
659 2601 745 2686 quod
767 2603 968 2686 praeclaram
991 2603 1097 2666 aedifi·

91 2695 196 2756 casset
223 2691 258 2755 in
284 2690 413 2756 Palatio
441 2695 474 2756 et
495 2692 625 2775 plenam
649 2689 820 2775 dignitatis
843 2687 988 2771 domum3
1015 2709 1097 2772 quae

91 2800 164 2842 cum
187 2779 287 2864 vulgo
310 2778 476 2862 viseretur,
499 2777 679 2864 suffragata
697 2775 838 2860 domino,
860 2796 944 2840 novo
963 2775 1098 2860 homini,

92 2864 133 2930 ad
168 2868 372 2932 consulatum
407 2866 597 2951 putabatur,
631 2865 716 2929 hanc
748 2861 885 2930 Scaurus
923 2861 1097 2928 demolitus

92 2954 307 3019 accessionem
340 2953 485 3018 adiunxit
517 2953 658 3019 aedibus.
703 2951 818 3036 Itaque
849 2950 907 3014 ille
938 2949 973 3015 in
1004 2971 1097 3016 suam

93 3039 223 3105 domum
241 3041 446 3106 consulatum
463 3040 588 3127 primus
607 3039 730 3124 attulit,
751 3039 813 3123 hic,
836 3038 956 3104 summi
979 3041 1012 3105 et
1034 3040 1097 3105 ela·

91 3127 212 3192 rissimi
234 3128 296 3193 viri
317 3129 414 3213 filius,
436 3129 471 3194 in
489 3129 620 3195 domum
638 3127 890 3212 multiplicatam
907 3149 974 3192 non
992 3128 1097 3213 repul·

92 3236 160 3279 sam
185 3216 291 3281 solum
313 3217 451 3301 rettulit,
474 3217 530 3282 sed
552 3216 766 3303 ignominiam
789 3215 887 3282 etiam
911 3219 944 3282 et
967 3215 1096 3282 calami-

90 3306 201 3369 tatem.
234 3303 387 3370 Ornanda
401 3305 486 3370 enim
501 3307 550 3370 est
565 3304 707 3389 dignitas
722 3303 827 3388 domo,
844 3325 911 3370 non
929 3325 968 3370 ex
987 3304 1082 3368 domo
1097 3316 1148 3371 180
1168 3304 1172 3315 '

90 3393 161 3454 tota
180 3393 370 3476 quaerenda,
387 3414 447 3458 nec
465 3392 560 3458 domo
579 3392 737 3474 dominus,
758 3391 814 3455 sed
833 3391 962 3457 domino
982 3390 1096 3456 domus

88 3476 292 3545 honestanda
314 3484 377 3566 est,
405 3484 451 3566 et,
478 3479 576 3545 utin
602 3479 717 3545 ceteris
744 3477 894 3545 habenda
920 3478 1005 3544 ratio
1029 3498 1097 3544 non
