2476 3848
511 167 751 234 -318-

84 360 105 408 ra
124 343 180 428 qui
203 343 333 408 omnino
355 363 517 425 nusquam
539 340 753 425 reperiuntur.
799 339 888 404 Talis
915 340 1018 424 igitur
1044 340 1134 407 inter

123 432 211 497 viros
230 430 373 496 amicitia
391 433 501 493 tantas
520 428 758 513 oportunitates
781 428 890 510 habet,
915 433 1053 512 quantas
1076 430 1133 495 vix

123 516 754 684 asssumptaprta}
772 515 1133 671 saturaretur

124 694 321 778 conquiescit
307 695 343 759 t?
378 627 463 768 Qiiid
482 693 606 756 dulcius
621 714 718 776 quam
731 691 860 775 habere,
878 691 1007 776 quicum
1022 694 1133 758 omnia

125 782 291 848 audeas
266 804 311 847 ιιι
334 781 424 864 loqui
446 784 483 845 ut
469 781 633 845 tteeum?
679 778 741 854 Qui
763 782 930 844 essettan
888 783 983 845 antus
1005 779 1132 846 fruetus

123 871 158 935 in
181 869 344 954 prosperis
368 869 474 950 rebus,
495 867 559 931 nisi
582 867 727 951 habereS,
751 868 806 951 qui
827 867 895 932 illis
919 890 1019 952 aeque
1038 873 1134 935 actu

123 959 157 1043 ip
159 979 193 1022 ιι
218 956 395 1043 gauderet?
419 918 570 1020 adiersas
592 977 669 1020 vero
692 919 776 1019 febre
799 955 930 1021 difficile
953 960 1038 1020 esset
1061 957 1132 1021 sine

125 1067 176 1129 eo,
199 1045 254 1128 qui
275 1045 350 1109 illas
374 1043 505 1127 gravius
530 1043 629 1107 etiam
652 1065 749 1127 quam
771 1047 808 1107 tu
830 1043 939 1108 ferret.
984 1042 1132 1128 Denique

125 1136 249 1198 ceterae
272 1153 333 1215 res,
356 1153 437 1215 quae
461 1134 663 1231 expetuntur,
686 1135 865 1215 oportunae
888 1135 964 1196 sunt
982 1131 1132 1217 singulae

124 1221 220 1285 rebus
243 1219 310 1283 fere
334 1219 480 1304 singulis,
503 1219 593 1283 divit'
570 1223 666 1370 t1ae,t
665 1222 703 1282 ut
725 1222 827 1303 utare,
850 1241 937 1304 opes,
959 1223 996 1284 ut
1013 1220 1133 1305 colare,
1199 1210 1204 1225 ¹

124 1309 273 1390 honores,
295 1311 332 1371 ut
355 1307 494 1391 laudere,
516 1307 666 1390 voluptat
632 1328 710 1391 aes,
732 1311 769 1371 ut
793 1307 948 1392 gaudeas,
972 1308 1130 1394 valitudo,

124 1400 162 1461 ut
185 1396 295 1460 dolore
319 1417 427 1459 careas
452 1398 485 1458 ιι
506 1395 692 1459 muneribus
714 1394 850 1480 fungare
873 1396 1031 1480 corporis3
1053 1397 1133 1461 ami·

125 1484 202 1549 citia
220 1505 271 1547 ιιι
287 1483 443 1567 plurimas
463 1483 620 1565 continet;
638 1504 767 1566 quoquo
785 1487 819 1547 te
836 1483 982 1566 verteris,
999 1488 1131 1568 praesto

126 1576 185 1655 est,
199 1572 290 1636 nullo
305 1572 376 1637 loco
391 1570 579 1648 excluditur,
597 1592 773 1654 numquam
786 1571 1023 1656 intempestiva,
1041 1594 1132 1637 num-

126 1682 224 1744 quam
242 1660 381 1724 molesta
400 1662 462 1742 est3
480 1658 590 1742 itaque
608 1681 675 1722 non
690 1680 783 1742 aqua,
799 1681 867 1723 non
884 1659 962 1744 igni,
980 1663 1016 1724 ut
1031 1659 1133 1743 aiunt,

125 1748 205 1813 locis
224 1748 372 1830 pluribus
390 1747 512 1810 utimur
531 1768 628 1828 quam
647 1746 797 1810 amicitia.
833 1745 947 1831 Neque
966 1768 1026 1832 ego
1046 1769 1132 1814 nunc

127 1836 165 1900 de
187 1835 317 1920 vulgari
339 1838 396 1899 aut
419 1835 457 1898 de
478 1833 638 1917 mediocri,
663 1855 744 1916 quae
762 1838 871 1898 tamen
889 1835 961 1919 ipsa
979 1838 1011 1899 et
1031 1835 1133 1900 delec-

125 1927 177 1988 tat
200 1927 232 1987 et
255 1923 396 2006 prodest,
420 1921 475 1984 sed
498 1920 537 1985 de
556 1943 632 1985 vera
655 1925 688 1985 et
710 1921 854 2006 perfecta
876 1923 1000 2006 loquor,
1023 1924 1131 2006 qualis

127 2032 247 2092 eorum,
270 2010 325 2092 qui
347 2009 442 2092 pauci
463 2008 680 2092 nominantur,
702 2008 774 2074 fuit.
809 2010 897 2075 Nam
919 2013 952 2074 et
975 2010 1130 2076 secundas

126 2120 178 2162 ιιι
207 2096 437 2181 splendidiores
464 2095 543 2160 facit
571 2096 713 2161 amicitia
741 2101 773 2161 ιι
805 2098 957 2164 adversas
986 2099 1131 2182 partiens

127 2184 429 2266 communicansque
451 2184 598 2248 leviores.

84 2326 108 2373 ’3
194 2273 361 2355 Quomque
384 2271 541 2356 plurimas
556 2275 588 2335 ιι
607 2271 764 2335 maximas
784 2273 1030 2338 commoditates
1053 2273 1132 2339 ami·

84 2356 90 2373 '
127 2361 205 2427 citia
231 2359 408 2443 contineat,
435 2363 506 2424 tum
532 2360 592 2424 illa
617 2360 771 2424 nimirum
797 2364 944 2443 praestat
972 2361 1131 2446 omnibus,

128 2448 213 2533 quod
236 2448 355 2512 bonam
378 2469 469 2532 spem
490 2448 657 2531 praelucet
678 2448 714 2512 in
740 2452 908 2532 posterum
933 2470 992 2514 nec
1019 2448 1132 2514 debili·

126 2537 192 2602 tari
214 2536 338 2601 animos
362 2539 419 2600 aut
441 2535 554 2601 cadere
576 2536 709 2620 patitur.
739 2535 861 2601 Verum
884 2536 970 2601 enim
992 2536 1132 2602 amicum

126 2626 182 2709 qui
204 2626 357 2708 intuetur,
379 2627 547 2707 tamquam
569 2624 734 2709 exemplar
756 2623 887 2708 aliquod
909 2624 1053 2689 intuetur
1071 2625 1132 2690 sui.

127 2712 285 2788 Quocirca
312 2715 344 2776 et
372 2712 522 2776 absentes
551 2711 667 2775 adsunt
694 2715 727 2775 ιι
754 2715 886 2796 egentes
910 2712 1076 2777 abundant
1099 2716 1133 2777 et

126 2801 270 2866 inbecilli
296 2801 407 2866 valent
434 2802 480 2883 et,
508 2799 593 2883 quod
620 2798 782 2863 difficilius
807 2800 895 2864 dictu
918 2803 981 2884 est,
1010 2799 1133 2864 mortui

126 2890 254 2972 vivunt3
276 2891 388 2953 tantus
412 2908 465 2952 eos
488 2887 601 2970 honos,
624 2887 789 2971 memoria,
811 2887 1003 2953 desiderium
1023 2909 1134 2972 prose-

127 2977 239 3060 quitur
266 2976 450 3040 amicorum.
494 2973 545 3038 Ex
573 2996 635 3058 quo
660 2975 792 3039 illorum
814 2975 913 3040 beata
935 2995 1023 3040 mors
1044 2974 1132 3041 vide-

127 3068 190 3141 tur,
212 3063 329 3127 horum
347 3063 416 3128 rita
433 3062 615 3127 laudabilis.
652 3061 773 3137 Quodsi
792 3063 946 3128 exemeris
966 3085 1006 3127 ex
1023 3084 1133 3128 rerum

127 3155 245 3215 natura
272 3150 510 3215 benivolentiae
537 3150 807 3235 coniunctionem,
835 3173 894 3217 nec
922 3151 1035 3215 domus
1063 3151 1135 3215 ulla

128 3261 186 3302 neo
213 3238 292 3302 urbs
321 3242 407 3302 stare
434 3238 568 3323 poterit,
598 3260 640 3302 ne
672 3240 744 3324 agri
774 3239 902 3324 quidem
928 3238 1035 3304 cultus
1063 3260 1135 3322 per·

129 3326 281 3390 manebit.
325 3325 364 3389 Id
387 3326 415 3389 si
437 3326 543 3391 minus
565 3326 781 3412 intellegitur,
809 3327 1002 3412 quantavis
1026 3326 1135 3392 amici-

128 3414 194 3480 tiae
213 3413 462 3498 concordiaeque
481 3414 533 3499 sit,
556 3436 595 3478 ex
617 3414 870 3481 dissensionibus
890 3419 987 3499 atque
1010 3435 1049 3478 ex
1072 3413 1137 3479 dis-

128 3503 245 3568 cordiis
262 3501 404 3588 perspici
421 3505 539 3587 potest.
571 3501 659 3577 Quae
678 3504 763 3569 enim
782 3504 895 3569 domus
911 3505 981 3568 tam
995 3501 1137 3587 stabilis,
