2476 3848
525 179 764 244 ,486-

143 334 364 401 vicissitudine
382 357 493 401 eorum
510 336 622 401 mundi
639 336 827 401 continuata
839 338 958 400 natura
971 340 1028 401 est.
1055 333 1146 402 Nam

145 427 285 490 exterra
298 445 390 508 aqua,
408 445 447 488 ex
461 446 545 508 aqua
559 424 662 488 oritur
676 429 739 508 aer,
757 445 796 488 ex
809 428 883 489 atre
896 424 1016 509 aether,
1030 423 1147 489 deinde

144 515 322 576 retrorsum
343 511 485 576 vicissim
508 533 547 576 ex
565 511 694 576 aethere
713 516 777 595 a'e'r,
799 511 873 575 inde
893 533 984 595 aqua,
1003 532 1042 575 ex
1059 533 1148 596 aqua

144 603 233 663 terra
259 599 379 664 infima.
425 597 477 664 Sic
499 598 624 664 naturis
646 598 712 681 his,
739 598 917 682 exquibus
941 599 1049 662 omnia
1071 620 1148 664 con-

145 690 243 770 stant,
266 707 376 751 sursus
395 686 537 770 deorsus,
555 687 641 751 ultro
660 686 741 751 citro
760 685 1014 750 commeantibus
1033 687 1149 751 mundi

93 785 126 835 85
145 774 287 856 partium
314 774 496 840 coniunctio
523 774 714 839 continetur.
760 770 847 849 Quae
871 777 928 838 aut
948 773 1149 857 sempiterna

146 861 190 927 sit
211 882 340 926 neeesse
363 866 413 926 est
434 861 496 927 hoc
519 861 631 926 eodem
649 863 775 944 ornatu,
798 881 893 945 quem
910 860 1065 945 videmus,
1088 866 1149 927 aut

145 953 231 1014 certe
248 948 466 1032 perdiutuma,
482 970 675 1033 permanens
690 949 731 1013 ad
747 948 961 1033 longinquum
979 951 1012 1012 et
1023 948 1149 1013 inmen-

61 1072 67 1084 ·
146 1058 217 1101 sum
244 1057 345 1118 paene
372 1039 510 1119 tempus.
554 1034 696 1112 Quorum
723 1037 883 1100 utrumvis
905 1039 943 1100 ut
966 1036 1019 1119 sit,
1042 1037 1149 1119 sequi·

145 1126 199 1187 tur
227 1126 344 1187 natura
373 1123 526 1188 mundum
557 1123 784 1188 administrari.
833 1121 921 1198 Quae
949 1123 1035 1187 enim
1064 1124 1149 1188 clas-

147 1209 231 1275 sium
247 1210 413 1294 navigatio
430 1215 487 1275 aut
501 1232 582 1294 quae
595 1211 767 1274 instructio
782 1211 939 1275 exercitus
954 1213 1018 1294 aut,
1033 1231 1148 1276 rursus

145 1302 182 1362 ut
201 1320 247 1382 ea,
271 1320 351 1382 quae
369 1301 487 1362 natura
504 1297 612 1382 efficit,
635 1297 845 1381 conferamus,
868 1319 950 1382 quae
963 1299 1148 1383 procreatio

145 1385 222 1450 vitis
245 1390 301 1451 aut
324 1386 459 1469 arboris,
482 1408 564 1470 quae
586 1407 683 1469 porro
706 1385 880 1450 animantis
898 1387 1004 1471 figura
1022 1385 1150 1450 confor-

146 1474 309 1557 matioque
327 1475 544 1538 membrorum
561 1477 688 1538 tantam
702 1477 837 1538 naturae
852 1473 1032 1538 sollertiam
1047 1473 1148 1559 signi-

145 1561 235 1643 ficat,
268 1565 422 1644 quantam
453 1561 523 1645 ipse
554 1561 713 1626 mundus?
757 1561 825 1624 Aut
851 1561 954 1645 igitur
979 1560 1063 1625 nihil
1086 1565 1148 1645 est,

147 1649 232 1731 quod
255 1649 412 1714 sentiente
433 1653 550 1713 natura
572 1653 713 1734 regatur,
736 1652 792 1712 aut
813 1648 968 1712 mundum
985 1648 1056 1733 regi
1073 1669 1148 1713 con-

93 1745 127 1796 86
146 1735 301 1801 fitendum
333 1740 390 1801 est.
435 1735 580 1819 Etenim,
612 1736 667 1820 qui
698 1736 839 1820 reliquas
870 1739 1004 1801 naturas
1034 1757 1147 1801 omnes

146 1843 318 1907 earumque
346 1823 468 1888 semina
498 1824 675 1906 contineat,
703 1823 758 1906 qui
781 1826 890 1907 potest
911 1824 981 1908 ipse
1002 1844 1070 1888 non
1091 1844 1149 1888 na·

145 1914 221 1975 tura
250 1911 489 1976 administrari?
518 1914 568 1994 ut,
599 1910 627 1974 si
657 1910 711 1994 qui
741 1910 851 1974 dentes
881 1913 914 1974 et
942 1910 1149 1996 pubertatem

145 2002 263 2062 natura
285 1999 370 2062 dieat
393 1999 543 2081 existere,
568 1998 677 2082 ipsum
700 2001 807 2062 autem
829 1997 1006 2082 hominem,
1034 1997 1085 2062 cui
1107 2019 1148 2062 ea

146 2085 296 2167 existant,
317 2105 383 2148 non
405 2089 552 2150 constare
574 2088 700 2169 natura,
722 2106 788 2150 non
805 2085 976 2169 intellegat
994 2106 1040 2168 ea,
1064 2106 1148 2168 quac

146 2170 289 2236 ecferant
316 2171 438 2255 aliquid
465 2194 504 2237 ex
530 2194 614 2256 sese,
640 2172 847 2258 perfectiores
869 2172 988 2238 habere
1010 2175 1149 2237 naturas

148 2279 245 2342 quam
268 2280 314 2340 ea,
338 2280 419 2342 quae
442 2281 480 2323 ex
502 2260 543 2325 iis
567 2260 756 2325 ecferantur.

17 2376 20 2381 ⁴
94 2342 139 2409 34
213 2345 363 2410 Omnium
383 2349 490 2411 autem
508 2369 625 2432 rerum,
644 2369 726 2432 quae
739 2352 856 2413 natura
870 2347 1149 2433 administrando,

147 2434 323 2500 seminator
356 2437 389 2498 et
422 2439 511 2499 sator
542 2440 575 2500 et
600 2457 729 2520 parens,
760 2440 798 2499 ut
823 2436 872 2500 ita
898 2436 1016 2519 dicam,
1049 2439 1148 2518 atque

147 2521 297 2587 educator
320 2525 353 2586 et
377 2523 461 2587 altor
484 2526 534 2588 est
556 2524 692 2587 mundus
711 2524 881 2606 omniaque
900 2523 982 2588 sieut
1000 2523 1150 2601 membra

147 2612 180 2674 et
205 2614 315 2695 partes
341 2631 416 2676 suas
438 2611 619 2676 nutricatur
642 2613 674 2675 et
697 2611 848 2676 continet.
893 2608 1014 2685 Quodsi
1035 2611 1151 2675 mundi

146 2701 256 2782 partes
287 2701 405 2764 natura
437 2699 715 2783 administrantur,
751 2719 880 2764 neeesse
911 2702 961 2763 est
992 2698 1150 2763 mundum

146 2784 253 2868 ipsum
270 2789 389 2851 natura
408 2787 635 2870 administrari,
658 2787 746 2851 cuius
765 2786 893 2870 quidem
907 2786 1149 2851 administratio

146 2873 228 2936 nihil
250 2873 350 2938 habet
372 2875 406 2939 in
429 2896 472 2958 se,
496 2875 581 2959 quod
598 2875 788 2958 reprehendi
805 2874 922 2958 possit3
946 2895 984 2937 ex
1001 2873 1041 2938 iis
1061 2874 1150 2938 enim

146 2961 281 3044 naturis,
306 2984 387 3046 quae
410 2966 511 3045 erant,
535 2962 620 3046 quod
638 2962 722 3027 effici
741 2963 898 3047 optimum
916 2961 1032 3047 potuit,
1054 2961 1150 3028 effec-

95 3059 126 3108 er
146 3052 216 3112 tum
244 3052 302 3112 est.
346 3050 469 3114 Doceat
497 3071 574 3134 ergo
603 3050 719 3133 aliquis
746 3050 889 3134 potuisse
916 3049 1040 3114 melius.
1084 3046 1152 3115 Sed

146 3157 241 3199 nemo
273 3159 425 3220 umquam
454 3137 594 3220 docebit,
624 3141 656 3201 et
683 3138 711 3201 si
739 3137 810 3220 quis
838 3137 998 3223 corrigere
1025 3137 1152 3221 aliquid

146 3223 248 3305 volet,
279 3227 334 3287 aut
361 3224 500 3290 deterius
526 3225 626 3290 faciet
653 3227 709 3288 aut
730 3225 776 3309 id,
807 3225 892 3309 quod
912 3225 984 3290 fieri
1005 3246 1072 3290 non
1093 3247 1151 3310 pc·

146 3312 259 3395 tuerit,
290 3310 491 3378 desiderabit.
537 3312 658 3388 Quodsi
687 3334 797 3378 omnes
826 3313 937 3378 muudi
963 3317 1073 3399 partes
1102 3313 1151 3380 ita

146 3400 342 3464 constitutae
362 3404 445 3484 sunt,
467 3404 505 3465 ut
524 3422 627 3484 neque
646 3399 687 3466 ad
704 3421 798 3464 usum
816 3401 965 3466 meliores
983 3401 1152 3486 potuerint

60 3488 216 3634 'sse
235 3509 342 3575 neque
365 3488 406 3554 ad
428 3489 567 3574 speciem
589 3487 802 3573 pulchriores,
831 3488 1012 3575 videamus,
1038 3490 1153 3556 utrum
