2476 3848
371 148 713 245 ⁴-407-

74 339 281 423 ,accepimus
316 339 390 405 Iure
408 342 517 404 autem
535 343 604 404 erat
626 360 752 422 semper
773 337 861 404 idem
883 339 1002 418 voltus,
1025 360 1096 404 cum

90 427 221 510 mentis,
244 449 345 512 aqua
366 427 395 493 is
417 428 563 512 fingitur,
585 425 678 492 nulla
699 426 791 490 fieret
808 426 954 492 mutatio.
991 425 1096 502 Quare

90 515 214 598 accipio
237 515 384 599 equidem
409 537 431 580 a
448 513 635 598 Cyrenaicis
657 513 736 578 baec
759 535 850 578 arma
870 518 983 578 contra
1005 535 1096 579 casus

90 605 123 666 et
141 607 282 686 eventus,
301 602 418 704 quibus
439 624 549 667 eorum
563 601 769 666 advenientes
787 601 927 685 impetus
946 601 1097 666 diuturna

89 688 379 773 praemeditatione
410 691 615 776 frangantur,
651 689 809 773 simulque
840 688 946 754 iudico
977 689 1097 753 malum

90 776 171 842 illud
195 777 354 861 opinionis
373 800 456 863 esse,
478 800 544 844 non
560 782 709 862 naturae3
732 778 761 842 si
784 776 870 842 enim
893 777 929 842 in
947 799 983 842 rc
1001 779 1097 860 essct,

89 866 283 946 curfierent
304 867 435 948 provisa
456 865 601 932 leviora?
644 864 707 931 Sed
733 868 795 950 cst,
818 865 921 930 isdem
944 864 983 930 de
1001 866 1097 929 rebus

92 953 177 1037 quod
196 953 260 1018 dici
282 953 389 1036 possit
407 953 573 1038 subtilius,
595 954 623 1018 si
640 955 729 1038 prius
748 952 882 1038 Epicuri
903 953 1098 1024 sententiam

91 1041 277 1124 viderimus,
310 1040 366 1124 qui
397 1044 508 1106 censet
537 1062 667 1107 necesse
699 1063 768 1107 esse
796 1041 901 1108 omnis
931 1041 966 1105 in
993 1040 1097 1125 aegri·

91 1129 204 1194 tudine
223 1150 305 1211 esse,
328 1129 384 1213 qui
402 1149 437 1194 se
459 1129 494 1193 in
516 1129 613 1194 malis
631 1151 702 1195 esse
720 1130 929 1210 arbitrentur,
952 1130 1018 1194 sive
1041 1129 1098 1193 illa

92 1220 167 1280 ante
204 1217 336 1301 provisa
372 1219 406 1280 et
436 1219 603 1300 expectata
644 1217 710 1281 sint
744 1218 811 1282 sive
841 1218 1098 1282 inveteraverint.

91 1303 176 1369 Nam
198 1326 302 1388 neque
325 1306 487 1369 vetustate
510 1303 613 1369 minui
634 1305 720 1368 mala
742 1325 800 1369 nec
829 1305 899 1368 fieri
921 1305 1098 1387 praemedi-

91 1395 161 1456 tata
185 1393 319 1476 leviora,
341 1391 538 1476 stultamque
562 1391 661 1456 etiam
685 1412 755 1457 esse
782 1391 1027 1456 meditationem
1050 1390 1099 1455 fu·

91 1480 158 1544 turi
189 1479 268 1544 mali
300 1483 356 1544 aut
386 1479 525 1545 fortasse
553 1500 595 1543 ne
621 1477 723 1543 futuri
751 1479 891 1562 quidem,
919 1479 1000 1542 satis
1028 1499 1098 1542 esse

92 1566 242 1632 odiosum
256 1567 376 1632 malum
391 1588 494 1651 omne,
512 1588 585 1632 cum
601 1567 754 1650 venisset3
773 1567 828 1651 qui
847 1569 955 1631 autem
973 1585 1100 1648 semper

92 1655 302 1739 cogitavisset
334 1655 475 1721 accidere
507 1675 602 1739 posse
634 1653 757 1738 aliquid
793 1653 931 1736 adversi,
968 1652 997 1716 ei
1029 1653 1099 1717 fieri

92 1742 173 1807 illud
196 1742 427 1827 sempiternum
446 1743 581 1827 malum;
605 1742 633 1807 si
656 1763 731 1806 vero
750 1763 790 1805 ne
807 1742 951 1806 futurum
971 1739 1098 1824 quidem

92 1831 149 1914 sit,
171 1830 292 1896 frustra
315 1832 435 1914 suscipi
458 1830 624 1896 miseriam
646 1829 875 1913 voluntariam,
903 1828 952 1894 ita
974 1849 1100 1912 semper

93 1919 169 2002 augi
192 1923 248 1984 aut
271 1918 457 2003 accipiendo
481 1922 538 1983 aut
560 1918 733 2004 cogitando
756 1917 852 1982 malo.
890 1915 1099 1981 Levationem

93 2009 203 2070 autem
226 2006 438 2091 aegritudinis
461 2007 497 2092 in
518 2006 642 2072 duabus
664 2007 760 2071 rebus
783 2005 889 2089 ponit,
912 2003 1099 2069 avocatione

93 2114 112 2156 a
136 2094 310 2177 cogitanda
333 2095 484 2160 molestia
503 2098 536 2159 et
553 2095 755 2159 revocatione
774 2093 815 2158 ad
834 2092 1099 2176 contemplandas

92 2180 286 2263 voluptates.
322 2180 439 2247 Parere
457 2182 542 2246 enim
567 2185 676 2245 censet
697 2181 839 2246 animum
862 2180 982 2245 rationi
1003 2201 1099 2264 posse

93 2271 139 2350 et,
167 2289 230 2351 qno
258 2268 316 2332 illa
342 2269 453 2351 ducat,
480 2271 578 2352 sequi.
627 2267 727 2332 Vetat
753 2269 853 2352 igitur
875 2268 958 2332 ratio
982 2268 1099 2334 intueri

93 2355 269 2439 molestias,
288 2355 451 2421 abstrahit
469 2357 509 2421 ab
528 2355 652 2420 acerbis
672 2355 933 2439 cogitationibus,
950 2353 1100 2421 hebetem

91 2444 170 2524 facit
190 2443 292 2507 aciem
316 2443 356 2507 ad
380 2442 526 2507 miserias
546 2442 822 2526 contemplandas,
846 2463 865 2508 a
888 2443 1005 2527 quibus
1028 2465 1099 2508 cnm

1116 880 1151 929 82

1117 1931 1152 1980 33

93 2529 211 2596 cecinit
241 2531 396 2615 receptui,
426 2530 555 2614 inpellit
586 2552 715 2596 rursum
744 2533 778 2595 et
807 2531 924 2596 incitat
956 2529 996 2595 ad
1026 2552 1099 2596 con·
1136 2530 1138 2533 ’

94 2619 273 2703 spiciendas
301 2623 432 2703 totaque
455 2621 563 2682 mente
586 2619 829 2684 contrectandas
859 2619 965 2683 varias
988 2617 1100 2702 velup-

93 2709 193 2785 tates,
224 2707 341 2791 quibus
372 2706 428 2772 ille
461 2710 495 2772 et
525 2707 771 2789 praeteritarum
799 2706 956 2771 memoria
984 2708 1016 2769 et
1045 2726 1100 2788 spe

94 2794 356 2878 consequentium
380 2793 536 2878 sapientis
559 2794 662 2859 vitam
684 2793 836 2859 refertam
858 2796 961 2877 putat.
1011 2791 1100 2857 Haec

93 2884 205 2945 nostro
232 2903 322 2948 more
348 2904 407 2948 nos
435 2882 587 2966 diximus,
614 2881 760 2966 Epicurii
783 2881 893 2946 dicunt
920 2902 987 2945 suo.
1038 2877 1100 2945 Sed

94 2988 176 3050 quae
198 2967 322 3054 dicant,
344 2970 523 3055 videamus,
546 2991 609 3054 quo
632 2970 741 3051 modo,
763 2969 982 3054 neglegamus.
1090 2980 1092 2984 “

160 3054 323 3139 Principio
367 3057 452 3121 male
496 3058 735 3141 reprehendunt
779 3056 1101 3140 praemeditationem

94 3164 200 3207 rarum
222 3142 412 3209 futurarum.
447 3143 539 3209 Nihil
559 3149 608 3209 est
627 3146 727 3228 enim,
750 3144 834 3228 quod
856 3147 925 3208 tam
945 3145 1102 3210 obtundat

94 3232 259 3315 elevetque
287 3232 522 3316 aegritudinem
549 3253 646 3315 quam
673 3235 829 3316 perpetua
855 3232 890 3296 in
916 3233 1005 3297 omni
1034 3233 1101 3297 vita

94 3318 249 3404 cogitatio
277 3320 359 3384 nibil
386 3341 469 3403 esse,
496 3319 580 3406 quod
605 3341 671 3384 non
694 3319 837 3385 accidere
858 3321 976 3405 possit,
1005 3341 1101 3404 quam

93 3407 260 3472 meditatio
288 3407 486 3474 condicionis
512 3409 687 3486 humanae,
714 3429 811 3492 quam
833 3408 918 3473 vitae
940 3408 992 3471 lex
1016 3428 1105 3472 coms

1112 3027 1155 3152 a

93 3496 314 3580 mentatioque
336 3496 484 3580 parendi,
506 3517 587 3581 quae
605 3517 673 3561 non
694 3494 756 3560 hoc
774 3494 893 3574 adfert,
915 3498 952 3559 ut
975 3390 1156 3616 semper!
