2476 3848
481 175 722 241 -319-

93 365 177 428 quae
196 347 265 408 tam
282 343 377 408 firma
395 344 509 409 civitas
529 347 587 421 est,
611 366 693 428 quae
712 365 778 410 non
797 345 878 409 odiis
902 349 935 410 et
958 345 1100 412 discidiis

93 431 238 496 funditus
261 431 367 516 possit
390 432 515 496 everti?
551 431 602 496 Ex
626 453 698 516 quc,
722 436 877 516 quantum
900 434 978 498 boni
1001 434 1044 498 sit
1066 435 1100 498 in

94 519 246 602 amicitia,
261 518 397 583 iudicari
409 523 527 604 potest.
559 519 811 605 Agrigentinum
827 521 955 604 quidem
969 521 1100 587 doctum
1118 538 1150 587 24

95 608 256 692 quendam
272 607 379 671 virum
397 607 594 672 carminibus
609 606 740 673 Graccis
756 609 970 674 vaticinatum
982 610 1100 694 ferunt,

95 719 177 780 quae
195 696 230 759 in
248 717 356 759 rerum
372 700 489 760 natura
502 699 637 780 totoque
655 695 774 761 mundo
793 701 988 779 constarent,
1007 720 1100 781 quae·

95 806 156 868 quc
184 787 404 866 moverentur,
436 805 475 847 ea
502 784 691 849 contrahere
720 784 911 868 amicitiam,
943 785 1100 870 dissipare

95 871 296 936 discordiam.
332 870 441 955 Atque
459 871 521 936 hoc
540 872 668 956 quidem
687 894 797 937 omnes
821 874 976 937 mortales
1000 876 1032 937 et
1054 875 1101 938 in·

95 960 256 1044 tellegunt
285 961 317 1022 et
345 981 379 1022 rc
406 960 555 1043 probant.
600 958 729 1043 Itaque,
759 960 787 1024 si
814 962 941 1044 quando
969 962 1101 1045 aliquod

96 1047 239 1112 officium
267 1046 376 1110 extitit
404 1047 498 1110 amici
520 1047 555 1111 in
585 1048 737 1131 periculis
770 1052 826 1113 aut
858 1049 1011 1113 adeundis
1044 1054 1101 1114 aut

96 1134 382 1217 communicandis,
406 1135 477 1218 quis
501 1139 563 1218 est,
587 1135 642 1219 qui
663 1135 697 1198 id
719 1157 785 1200 non
807 1137 957 1202 maximis
981 1137 1101 1202 ecferat

95 1223 267 1287 laudibus?
304 1221 366 1297 Oui
387 1224 544 1286 clamores
566 1225 638 1287 tota
661 1245 758 1287 cavea
780 1245 883 1308 nuper
904 1225 939 1289 in
961 1225 1100 1310 hospitis

96 1315 128 1374 et
145 1310 247 1375 amici
270 1309 333 1374 mci
355 1309 397 1374 M.
420 1310 541 1374 Pacuvi
562 1331 647 1374 nova
676 1310 800 1375 fabula!
834 1334 907 1376 cum
929 1312 1101 1398 ignorante

96 1419 186 1483 rege,
211 1402 284 1462 uter
307 1397 438 1462 Orestes
461 1403 551 1475 esset,
577 1397 709 1480 Pylades
731 1397 879 1462 Orestem
907 1421 940 1463 se
964 1422 1034 1464 esse
1057 1401 1102 1465 di-

96 1489 190 1568 ceret,
208 1490 245 1549 ut
263 1508 322 1570 pro
340 1486 400 1551 illo
417 1489 594 1569 necaretur,
613 1485 743 1550 Orestes
763 1490 880 1564 autem,
900 1487 948 1550 ita
966 1491 1002 1551 ut
1022 1492 1102 1571 erat,

97 1571 244 1638 Orestem
268 1595 303 1638 se
326 1595 395 1638 esse
418 1577 647 1658 perseveraret.
672 1571 823 1637 Ἰ81311131
846 1574 1045 1658 plaudebant
1067 1576 1102 1639 in

96 1684 131 1726 re
162 1662 253 1744 ficta,
291 1662 367 1745 quid
400 1662 597 1725 arbitramur
628 1661 662 1725 in
694 1683 771 1726 vera
801 1661 944 1726 facturos
976 1661 1101 1728 fuisse?

95 1750 204 1814 Facile
226 1750 391 1814 indicabat
413 1750 485 1833 ipsa
506 1754 625 1814 natura
644 1749 711 1814 vim
730 1770 831 1834 suam,
854 1771 926 1815 cum
944 1750 1102 1830 homines,

97 1838 182 1922 quod
204 1837 310 1903 facere
332 1837 397 1921 ipsi
418 1859 484 1901 non
506 1841 653 1922 possent,
682 1837 716 1901 id
738 1841 824 1902 recte
847 1838 918 1901 ficri
940 1838 975 1901 in
997 1839 1101 1903 altero

97 1926 284 1989 iudicarent.

162 2012 328 2077 Hactenus
356 2012 437 2075 mihi
463 2013 574 2077 videor
602 2013 640 2076 de
667 2012 810 2078 amicitia
840 2012 917 2096 quid
949 2013 1102 2078 sentirem

97 2100 242 2183 potuisse
266 2100 382 2182 dicerc3
410 2100 438 2164 si
466 2122 548 2183 quae
571 2104 738 2184 praeterea
761 2105 836 2164 sunt
860 2098 969 2187 (credo
993 2105 1102 2166 autem

98 2209 168 2250 esse
190 2185 322 2272 multa),
351 2188 391 2251 ab
415 2188 468 2271 iis,
497 2188 525 2251 si
547 2188 723 2266 videbitur,
751 2189 806 2272 qui
833 2189 898 2253 ista
926 2190 1102 2274 disputant,

99 2274 290 2357 quaeritotc.

163 2362 311 2428 Firmus.
344 2362 413 2427 Nos
434 2366 543 2426 autern
561 2383 581 2425 a
598 2364 631 2424 tc
646 2362 769 2444 potius3
789 2384 985 2445 quamquam
1000 2363 1101 2427 ctiam
1120 2377 1152 2427 25

99 2451 140 2515 ab
163 2450 236 2514 istis
260 2471 355 2534 saepe
379 2450 523 2534 quaesivi
542 2452 575 2512 ct
593 2448 701 2512 audivi
719 2469 784 2512 non
801 2449 923 2513 invitus
943 2450 1102 2532 equidem3

98 2539 153 2603 sed
177 2538 266 2602 aliud
289 2538 451 2622 quoddam
473 2538 566 2600 filum
590 2535 746 2601 orationis
769 2539 853 2600 tuae.

163 2627 326 2692 80111011.
372 2625 455 2689 Tum
478 2625 583 2709 magis
606 2625 640 2687 id
663 2623 796 2706 diceres,
818 2621 931 2705 Fanni,
954 2623 982 2686 si
1000 2643 1102 2705 nuper

96 2715 131 2777 in
148 2714 254 2779 hortis
269 2710 437 2797 Scipionis,
460 2734 532 2776 cum
551 2715 601 2776 cst
622 2712 660 2775 dc
683 2733 717 2774 rc
739 2710 870 2794 publica
893 2710 1102 2792 disputatum,

99 2800 266 2865 adfuisses.
312 2800 423 2877 Qualis
450 2803 520 2863 tum
548 2803 704 2883 patronus
732 2798 876 2862 iustitiae
903 2797 965 2860 fuit
989 2800 1103 2861 contra

100 2891 284 2952 accuratam
308 2889 487 2953 orationem
509 2886 610 2952 Phili!

164 2976 312 3041 Facturus.
343 2975 450 3040 Facile
464 2975 498 3038 id
512 2974 641 3058 quidem
654 2973 726 3057 fuit,
749 2971 908 3036 iustitiam
922 2971 1102 3038 iustissimo

98 3063 168 3128 viro
193 3061 369 3127 defendere.

163 3149 326 3217 Scaevoia
362 3150 467 3226 Ouid?
491 3149 666 3215 amicitiam
684 3169 789 3212 nonne
806 3147 902 3213 facile
925 3148 963 3233 ei,
987 3150 1042 3232 qui
1061 3150 1103 3215 ob
1157 3190 1160 3195 -

98 3262 169 3304 cam
189 3261 316 3303 summa
328 3240 399 3317 fide,
419 3237 602 3303 constantia
615 3236 802 3318 iustitiaque
818 3241 980 3303 servatam
994 3261 1103 3302 maxu-
1138 3242 1141 3247 '

98 3351 186 3392 mam
211 3327 350 3412 gloriam
373 3325 516 3409 ceperit?

163 3417 307 3481 Lsrrrus.
343 3413 419 3478 Vim
441 3413 504 3478 hoc
522 3411 651 3495 quidem
669 3415 719 3476 est
742 3412 875 3479 adferre.
912 3412 994 3489 Ouid
1018 3413 1103 3479 enim

96 3503 206 3586 refert,
230 3526 294 3587 qua
315 3523 367 3566 me
389 3500 515 3569 ratione
538 3501 686 3587 cogatis?
709 3501 826 3586 cogitis
849 3506 944 3566 certe.
981 3498 1103 3566 Studiis
