2476 3848
468 208 510 218 -
555 171 707 237 503-

88 327 172 402 Quid
184 329 326 479 tergo?
316 329 373 393 1811
395 329 475 414 doli,
498 329 597 431 quid?
619 329 796 413 machinae,
819 329 917 414 quid?
939 325 1089 393 fallaciae

87 416 364 502 praestrigiaeque
389 439 468 481 num
495 419 563 481 sine
590 417 716 481 ratione
740 438 809 482 esse
831 422 890 501 pot
876 417 1028 481 tuerunt?
1061 415 1088 479 0

87 505 290 587 praeclarum
312 527 428 569 munus
452 505 596 569 deorum!
619 509 656 568 ut
678 504 831 569 Phormio
849 505 954 589 possit
972 504 1089 568 dicere.

155 606 253 673 Cedo
278 631 417 693 senem3
439 610 514 673 iam
532 610 729 674 instructa
746 612 836 674 sunt
853 610 903 673 mi
920 608 960 672 in
977 607 1089 672 corde

720 697 888 762 consilia
910 696 1045 760 omnia

1100 783 1143 847 30

90 818 153 884 Sed
175 841 325 884 exeamus
348 842 365 884 e
388 820 532 904 theatro,
554 821 721 885 veniamus
742 820 778 884 in
799 820 914 884 forum.
960 817 1144 909 Sessum74

88 908 278 992 itpraetor.
316 906 399 982 Quid
421 911 459 971 ut
481 871 598 972 iudicet
600 909 658 972 ur?
691 907 753 984 Qui
771 907 995 972 tabularium
986 928 1092 970 meen-

90 996 182 1059 (18111.
218 993 310 1070 Quod
331 994 456 1059 facinus
476 996 655 1060 occultius?
686 995 725 1059 Id
743 994 831 1071 seQ
848 993 959 1060 Sosius
960 995 1092 1079 ,splen-

90 1083 182 1147 didus
201 1104 297 1167 eques
311 1082 476 1146 Romanus
496 1104 534 1146 ex
553 1104 632 1168 agro
645 1082 773 1168 Piceno,
794 1083 909 1148 fecisse
927 1046 1091 1148 cohfessus

91 1173 150 1235 est.
192 1169 252 1245 Qui
274 1170 533 1254 transscripserit
555 1171 686 1234 tabulas
708 1171 864 1256 publicas.
905 1171 943 1235 Id
964 1192 1091 1255 quoque

89 1258 125 1322 L.
139 1258 261 1322 Alenus
274 1257 361 1341 fecit,
374 1280 447 1322 cum
460 1257 713 1342 chirographum
727 1281 783 1322 sex
795 1259 974 1342 primorum
987 1259 1093 1321 imita-

90 1350 143 1409 tus
167 1348 225 1410 est.
261 1344 344 1420 Quid
365 1345 428 1409 hoc
450 1344 580 1409 homine
601 1345 787 1409 sollertius?
824 1344 991 1430 Cognosce
1010 1346 1092 1408 alias

91 1433 304 1516 quaestiones,
327 1432 398 1532 auri
415 1433 594 1533 Tolossani,
617 1431 847 1532 coniurationis
865 1431 1093 1518 Iugurthinae3

89 1519 570 1692 {lllltlllffittallllz
588 1519 1094 1692 telettgdldtdutss
1139 1580 1145 1591 ·

91 1699 162 1759 tum
178 1696 258 1761 haec
272 1696 442 1779 cotidiana,
465 1695 558 1779 sicae,
580 1695 703 1778 veneni,
725 1695 902 1779 peculatus,
920 1699 1093 1759 testamen-

91 1787 200 1847 torum
227 1783 326 1848 etiam
353 1783 425 1868 lege
447 1805 533 1847 nova
555 1783 768 1866 quaestiones.
813 1781 891 1846 lude
914 1783 972 1846 illa
995 1782 1093 1847 actio:

93 1887 158 1936 orn
179 1887 408 1949 consrmooua
427 1887 495 1936 ruo
514 1888 656 1935 aaaron
674 1887 734 1936 nro
752 1870 1092 1954 8181818881,111(18

91 1963 143 2022 tot
165 1959 283 2024 iudicia
306 1959 344 2023 de
365 1959 428 2022 fide
451 1959 550 2041 mala,
572 1958 709 2043 tutelae,
732 1958 890 2041 mandati,
912 1980 972 2042 pro
996 1958 1093 2041 socio,

90 2046 235 2130 fiduciae,
258 2047 391 2130 reliqua,
414 2068 495 2130 quae
517 2067 556 2110 ex
579 2049 688 2130 empto
712 2049 768 2111 aut
790 2047 920 2111 vendito
944 2049 1001 2111 aut
1021 2067 1094 2110 oon-

91 2134 187 2198 ducto
221 2138 277 2197 aut
309 2135 415 2197 locato
448 2137 561 2198 contra
588 2134 685 2197 fidem
714 2134 809 2218 fiunt,
840 2134 914 2198 inde
941 2133 1093 2199 iudicium

91 2221 256 2304 publicum
278 2221 327 2284 rei
343 2221 490 2305 privatae
508 2221 581 2305 lege
594 2220 768 2306 Plaetoria,
790 2222 864 2286 inde
883 2222 1094 2287 everriculum

92 2308 292 2371 malitiarum
325 2308 483 2391 omnium,
514 2307 668 2373 iudicium
700 2308 739 2373 de
771 2309 844 2373 dolo
876 2309 977 2394 malo,
1009 2309 1095 2393 quod

92 2394 126 2460 0.
149 2395 326 2480 Aquillius,
349 2394 521 2459 familiaris
543 2400 664 2480 noster,
686 2397 838 2481 protuli,
866 2419 961 2497 quem
985 2396 1094 2460 dolum

91 2483 177 2548 idem
196 2445 359 2567 Aquillius
382 2487 453 2546 tum
474 2483 578 2547 teneri
599 2487 704 2585 putat,
727 2506 799 2548 cum
822 2484 910 2548 aliud
932 2483 976 2548 sit
999 2483 1094 2547 simu-

93 2572 206 2656 latum,
229 2571 317 2634 aliud
340 2574 455 2635 actum.
491 2569 615 2635 Hanc
606 2572 668 2658 igit
669 2594 707 2635 ur
725 2574 853 2636 tantam
872 2594 891 2636 a
909 2570 985 2635 dis
976 2593 1094 2634 mmor-
1113 2582 1147 2632 75

92 2661 214 2724 talibus
247 2658 333 2722 arbit
319 2663 443 2722 tramur
470 2659 630 2723 malorum
658 2659 828 2723 sementim
856 2680 926 2723 8888
951 2657 1094 2722 factam?

93 2746 128 2811 Si
158 2747 242 2812 enim
274 2747 433 2811 rationem
461 2746 646 2810 hominibus
677 2747 710 2810 di
737 2746 905 2830 dederunt,
934 2746 1038 2809 malit
1014 2749 1094 2810 tram

93 2835 261 2918 dederunt3
284 2839 334 2899 est
357 2834 441 2897 enim
463 2833 591 2897 malitia
612 2838 744 2898 versuta
767 2838 799 2897 et
816 2797 919 2899 fallax
936 2833 1021 2897 ratio
1039 2856 1095 2897 no·

92 2922 196 3005 cendi3
218 2922 316 2986 iidem
340 2922 438 2986 etiam
461 2921 493 2984 di
514 2921 661 2986 fraudem
685 2922 849 3006 dederunt,
871 2921 996 2986 facinus
1014 2923 1095 2986 cete-

92 3031 200 3093 raque,
223 3032 360 3093 quorum
382 3008 464 3073 nihil
485 3031 545 3073 nec
566 3009 686 3093 suscipi
705 3010 773 3074 sine
791 3010 918 3074 ratione
933 3030 993 3072 nec
1011 3009 1095 3073 effici

91 3100 210 3182 potest.
256 3096 443 3161 ‘Utinam'
467 3096 577 3184 igitur,
600 3101 637 3161 ut
659 3098 719 3161 illa
741 3119 821 3162 anus
845 3100 948 3182 optat,

460 3224 505 3266 ne
529 3224 567 3265 rn
589 3225 741 3267 nemore
764 3202 872 3268 Pelro
896 3203 1094 3267 securrbus

163 3289 306 3354 Caesae
352 3289 586 3354 accidissent
630 3290 908 3444 abiegpplpesad
952 3292 1096 3354 terram

92 3484 139 3548 818
160 3483 259 3549 istam
281 3483 493 3549 calliditatem
515 3482 701 3547 hominibus
721 3481 754 3546 di
771 3504 812 3547 ne
831 3429 1006 3548 dedissent!
1031 3501 1053 3565 q
1073 3570 1077 3579 Ι
1094 3440 1121 3513 ‘s
