2476 3848
414 171 742 273 ¹--grsa-

206 329 322 408 Θνητὸν
345 328 433 408 ἐόντ’,
463 331 525 393 ἐπεὶ
548 329 615 394 ollae
637 335 754 412 βροτοῖς
775 328 862 413 γέρας
885 330 957 394 ἄλλο
980 356 1007 395 τι
1030 320 1130 413 μεῖζον

206 416 281 480 Oliva
303 425 387 492 θεοῖς
410 417 430 500 ἢ
452 420 555 483 κοινὸν
579 419 625 483 ἀεὶ
640 419 743 499 ’νόμον
765 418 798 482 ἐν
822 421 890 506 δίκῃ
913 420 1027 500 ὑμνεῖν.

180 589 262 656 Dico
285 593 387 678 igitur
409 594 614 678 providentia
637 593 770 659 deorum
789 593 945 658 mundum
965 598 998 658 et
1016 541 1184 694 01111163ῗὲ

114 681 226 744 mundi
249 685 360 764 partes
384 686 417 747 et
440 683 534 748 initio
559 683 754 748 constitutas
778 704 850 746 esse
875 686 908 747 et
935 683 1024 748 omni
1047 688 1128 748 tem·

112 790 190 852 pore
210 769 442 854 administrari3
462 794 596 856 eamque
612 771 865 856 disputationem
884 772 945 835 tris
965 772 1000 835 in
1017 776 1129 856 partes

113 859 217 921 nostri
250 858 316 923 fere
349 860 509 945 dividunt,
542 882 678 944 quarum
705 859 812 943 prima
842 881 919 945 pars
952 862 1014 940 est,
1047 882 1129 944 quae

113 946 241 1009 ducitur
264 947 305 1011 ab
330 970 368 1012 ea
391 950 526 1030 ratione,
549 970 630 1032 quae
650 948 743 1013 docet
762 970 833 1012 esse
857 948 948 1033 de0s3
973 970 1035 1032 quo
1056 970 1129 1013 con-

113 1055 203 1098 cesso
223 1037 442 1100 confitendum
461 1041 511 1101 est
533 1058 645 1102 eorum
664 1037 799 1102 consilio
819 1038 975 1101 mundum
994 1037 1129 1100 admini-

115 1123 220 1187 strari.
267 1121 413 1189 Secunda
445 1129 496 1189 est
520 1124 652 1210 autem,
689 1147 771 1208 quae
805 1125 899 1191 docet
931 1147 1045 1190 omnes
1078 1147 1129 1189 res

114 1210 275 1275 subiectas
312 1233 383 1276 esse
420 1216 557 1278 naturae
595 1213 766 1298 sentienti,
804 1214 844 1278 ab
883 1235 983 1297 eaque
1021 1214 1130 1279 omnia

112 1299 337 1382 pulcherrume
361 1301 444 1387 geri3
469 1324 532 1385 quo
557 1303 735 1367 constituto
755 1301 901 1383 sequitur
925 1301 967 1365 ab
987 1303 1130 1365 animan-

112 1387 201 1451 tibus
229 1389 397 1472 principiis
427 1411 464 1454 ea
492 1411 562 1454 esse
590 1393 753 1474 generata.
800 1388 929 1452 Tertius
954 1393 1004 1451 eat
1030 1389 1129 1472 locus,

113 1475 168 1558 qui
196 1475 323 1541 ducitur
350 1499 387 1541 ex
422 1478 637 1543 admiratione
671 1499 780 1542 rerum
810 1476 999 1540 caelestium
1032 1481 1129 1560 atque

111 1566 324 1629 terrestrium.

178 1650 325 1717 Primum
348 1654 448 1739 igitur
472 1657 528 1718 aut
550 1653 734 1738 negandum
757 1655 807 1716 est
830 1673 900 1716 esse
923 1652 1016 1734 deos,
1040 1652 1125 1735 quod
1144 1667 1178 1719 76

114 1744 146 1804 et
168 1741 374 1806 Democritus
404 1743 576 1807 simulacra
599 1744 631 1806 et
657 1740 819 1824 Epicurus
850 1740 1009 1824 imagines
1036 1739 1127 1804 indu-

114 1850 189 1894 cens
209 1832 347 1912 quodam
361 1836 457 1914 pacto
475 1835 586 1915 negat,
605 1834 670 1912 aut,
690 1829 744 1913 qui
760 1829 837 1892 deos
852 1850 921 1893 esse
941 1828 1129 1912 concedant,

113 1918 154 1981 iis
177 1918 344 1983 fatendum
367 1923 418 1984 est
440 1941 495 1985 eos
515 1919 639 2003 aliquid
662 1939 768 2003 agere,
790 1917 887 2001 idque
910 1917 1129 2002 praeclarum

112 2006 194 2070 nihil
227 2012 277 2071 est
308 2011 418 2072 autem
449 2009 646 2092 praeclarius
683 2005 795 2070 mundi
832 2004 1126 2090 administratione;

113 2095 246 2159 deorum
269 2095 371 2180 igitur
399 2098 533 2162 consilio
562 2094 816 2160 administratur.
862 2092 954 2170 Quod
979 2093 1126 2158 sialiter

113 2186 171 2265 est,
194 2182 317 2265 aliquid
340 2183 487 2266 profecto
512 2185 555 2249 sit
581 2205 712 2249 necesse
736 2187 787 2248 est
809 2181 924 2247 melius
948 2185 982 2246 et
1003 2182 1126 2246 maiore

111 2270 145 2332 vi
166 2271 349 2352 praeditum
378 2293 475 2355 quam
504 2273 594 2356 deus,
628 2273 721 2354 quale
742 2270 777 2335 id
806 2292 942 2354 cumque
966 2275 1029 2354 est,
1058 2271 1125 2335 sive

112 2358 256 2421 inanima
277 2363 396 2423 natura
420 2360 487 2425 sive
505 2360 681 2425 necessitas
700 2359 734 2424 vi
752 2380 872 2442 magna
889 2359 1026 2423 incitata
1043 2357 1125 2422 haec

112 2446 328 2529 pulcherrima
356 2470 455 2531 opera
483 2449 639 2529 efficiens,
669 2469 751 2532 quae
773 2447 929 2512 videmus.
975 2444 1050 2510 Non
1074 2447 1124 2509 est
1143 2462 1177 2513 77

111 2534 212 2618 igitur
234 2541 352 2600 natura
380 2536 513 2602 deorum
540 2541 734 2621 praepotens
761 2556 864 2619 neque
888 2534 1061 2616 excellens,
1085 2533 1125 2596 si·

113 2624 242 2706 quidem
265 2645 303 2689 ea
327 2625 472 2690 subiecta
495 2629 545 2689 est
568 2626 598 2689 ei
620 2624 673 2688 vel
695 2623 882 2688 necessitati
905 2622 957 2687 vel
980 2626 1124 2706 naturae,

112 2733 175 2794 qua
199 2714 336 2794 caelum,
359 2714 476 2798 maria,
504 2717 612 2778 terrae
634 2716 803 2797 regantur3
831 2710 915 2774 nihil
943 2713 1124 2775 astantem

111 2803 332 2883 praestantius
360 2802 432 2887 deo;
465 2802 506 2866 ab
535 2823 572 2867 eo
601 2801 703 2886 igitur
732 2798 886 2865 mundum
916 2819 1047 2862 neeesse
1075 2800 1124 2861 est

110 2889 189 2971 regi.
234 2888 325 2953 Nulli
348 2889 450 2974 igitur
468 2894 518 2954 est
536 2894 673 2955 naturae
692 2887 864 2954 oboediens
884 2889 941 2950 aut
960 2885 1123 2950 subiectus

113 2975 204 3058 deus,
236 2998 366 3041 omnem
398 3000 475 3063 ergo
508 2979 594 3062 regit
624 2978 695 3062 ipse
726 2979 887 3040 naturam.
931 2972 1061 3038 Etenim
1095 2973 1123 3037 si

112 3065 317 3130 concedimus
340 3066 566 3150 intellegentes
589 3088 660 3130 esse
683 3066 770 3147 deos,
794 3063 1000 3130 concedimus
1024 3061 1123 3126 etiam

111 3152 326 3235 providentes,
341 3158 374 3218 et
387 3177 494 3218 rerum
510 3153 638 3238 quidem
652 3173 885 3217 maxumarum.
908 3150 999 3235 Ergo
1014 3155 1122 3214 utrum

111 3241 278 3327 ignorant,
305 3264 388 3325 quae
415 3264 467 3307 res
492 3263 661 3306 maxumae
689 3242 767 3322 sint,
795 3261 921 3324 quoque
945 3261 1001 3303 eae
1025 3238 1121 3304 modo

110 3332 298 3395 tractandae
322 3337 354 3394 et
376 3331 525 3413 tuendae,
549 3352 590 3395 an
608 3329 675 3401 vim
693 3351 760 3393 non
776 3328 909 3412 habent,
930 3349 993 3410 qua
1011 3330 1120 3391 tantas

110 3440 162 3483 res
182 3421 363 3484 sustineant
380 3422 413 3483 et
431 3419 568 3503 gerant?
593 3416 638 3483 At
657 3421 690 3482 et
706 3417 869 3502 ignoratio
887 3434 997 3480 rerum
1016 3415 1122 3479 aliena

110 3512 246 3574 naturae
277 3508 410 3573 deorum
442 3512 504 3592 est,
537 3511 570 3572 et
602 3505 782 3572 sustinendi
810 3504 953 3570 muneris
986 3506 1121 3587 propter

907 3605 962 3659 ti*
