2476 3848
526 175 767 238 -412-

143 342 199 403 aut
218 339 272 421 qui
290 335 494 402 tolerabilius
512 335 595 398 feret
612 335 866 419 incommodum,
889 337 944 419 qui
964 339 1159 420 cognoverit
1199 388 1202 393 .

142 446 272 491 necesse
291 446 359 488 esse
382 423 507 487 homini
529 423 595 486 tale
614 422 736 507 aliquid
756 423 920 488 accidere?
956 422 1047 489 Haec
1064 425 1157 490 enim

144 516 248 581 oratio
282 513 321 577 de
352 512 424 595 ipsa
457 532 583 574 summa
614 511 694 574 mali
723 510 806 575 nihil
837 510 992 595 detrahit,
1023 515 1156 578 tantum

144 601 238 667 modo
271 601 389 684 adfert,
419 599 503 663 nihil
535 598 695 683 evenisse,
730 599 817 683 quod
852 620 918 663 non
954 599 1156 683 opinandum

143 691 267 755 fuisset
316 687 428 771 Neque
455 691 565 752 tamen
597 707 698 772 genus
730 687 763 751 id
791 688 946 752 orationis
978 688 1014 752 in
1041 709 1156 753 conso·

143 778 239 843 lando
267 798 333 841 non
361 776 462 859 valet,
496 775 551 839 sed
584 775 618 839 id
645 773 730 840 haud
762 775 864 838 sciam
896 797 938 839 an
968 775 1156 858 plurimum.

143 866 232 950 Ergo
268 865 333 928 ista
364 863 555 944 necopinata
585 884 650 926 non
685 861 808 926 habent
844 864 969 927 tantam
1002 863 1081 945 vim,
1118 869 1157 928 ut

144 951 312 1036 aegritudo
337 973 376 1014 ex
398 951 439 1014 iis
463 949 568 1015 omnis
592 949 728 1032 oriatur,
755 949 876 1013 feriunt
898 951 983 1013 enim
1012 949 1156 1016 fortasse

145 1040 290 1125 gravius,
311 1060 377 1103 non
394 1037 428 1102 id
447 1037 603 1119 efficiunt,
621 1039 658 1099 ut
676 1057 727 1120 ea,
747 1057 829 1120 quae
849 1036 1005 1120 accidant,
1027 1039 1173 1109 maiora.

144 1128 327 1209 videantur3
355 1127 432 1209 quia
457 1123 600 1188 recentia
626 1126 715 1206 sunt,
742 1124 866 1188 maiora
892 1125 1055 1209 videntur,
1087 1147 1156 1192 nou

91 1238 126 1289 aa
145 1217 220 1300 quia
238 1214 417 1298 repentina.
451 1211 577 1294 Duplex
596 1213 647 1276 est
664 1210 765 1295 igitur
781 1211 867 1276 ratio
887 1214 954 1276 veri
972 1215 1156 1297 reperiendi

144 1325 211 1369 non
233 1304 268 1367 in
290 1302 331 1365 iis
356 1302 471 1381 solum,
497 1319 579 1383 quae
603 1299 703 1382 mala,
731 1299 786 1363 sed
808 1300 843 1364 in
865 1300 906 1363 iis
929 1301 1043 1385 etiam,
1071 1324 1155 1385 quae

145 1394 231 1458 bona
254 1390 410 1455 videntur.
458 1385 543 1451 Nam
567 1390 624 1450 aut
650 1387 752 1470 ipsius
776 1387 823 1450 rei
846 1391 963 1452 natura
993 1391 1098 1472 qualis
1122 1393 1157 1455 et

145 1483 266 1564 quanta
299 1477 355 1561 sit,
387 1474 583 1561 quaerimus,
616 1477 653 1537 ut
684 1475 723 1538 de
750 1479 941 1557 paupertate
969 1497 1034 1540 non
1062 1499 1155 1542 num·

146 1590 255 1650 quam,
279 1567 367 1630 cuius
387 1585 466 1628 onus
485 1562 679 1646 disputando
698 1562 843 1626 levamus
870 1561 1034 1646 docentes,
1057 1587 1155 1648 quam

145 1677 245 1738 parva
264 1657 297 1718 et
319 1674 415 1737 quam
437 1672 541 1732 pauca
558 1651 637 1734 sint,
661 1670 743 1734 quae
766 1652 883 1713 natura
906 1649 1075 1735 desideret,
1098 1659 1156 1718 aut

145 1765 166 1806 a
197 1740 383 1825 disputandi
415 1737 597 1802 subtilitate
630 1739 812 1802 orationem
843 1738 884 1802 ad
914 1740 1061 1822 exempla
1089 1743 1155 1806 tra-

146 1830 299 1893 ducimus.
344 1825 407 1890 Hic
427 1822 577 1889 Socrates
601 1828 882 1908 commemoratur,
906 1826 959 1890 hie
981 1825 1155 1914 Diogenes,

145 1917 199 1982 hie
223 1913 443 1980 Caecilianum
467 1911 561 1976 illud:
1068 1943 1069 1946 =

213 2037 331 2118 Saepe
363 2038 422 2098 est
454 2034 568 2098 etiam
601 2034 671 2099 sub
704 2036 868 2119 palliolo
902 2039 1058 2189 sdpditdo
1095 2061 1154 2104 sa·

906 2147 946 2208 pr
974 2148 996 2188 n
1021 2148 1066 2189 ra.

147 2264 227 2333 cum
246 2263 332 2329 enim
355 2264 555 2348 paupertatis
574 2286 639 2328 una
657 2264 829 2349 eademque
848 2265 892 2329 sit
916 2266 978 2348 vis,
1002 2267 1154 2348 quidnam

147 2354 209 2420 dici
234 2355 356 2436 potest,
383 2373 480 2435 quam
508 2352 549 2417 ob
577 2373 645 2416 rem
673 2349 707 2417 O.
731 2351 879 2417 Fabricio
908 2353 1089 2419 tolerabilis
1117 2377 1155 2420 ea

94 2441 258 2522 subierit,
281 2439 340 2505 alii
361 2444 482 2523 negent
505 2460 538 2504 se
560 2440 644 2503 ferre
667 2440 784 2523 posse?
828 2438 913 2504 Huic
936 2441 1038 2524 igitur
1062 2443 1156 2507 alteri

148 2530 257 2615 generi
279 2527 393 2593 similis
417 2531 466 2591 est
488 2549 527 2591 ea
548 2528 631 2591 ratio
653 2527 855 2610 consolandi,
877 2549 958 2611 quae
982 2529 1077 2595 docet
1100 2531 1156 2594 hu-

147 2636 349 2698 manassae,
372 2637 454 2699 quae
478 2614 659 2679 acciderint.
694 2614 770 2681 Non
789 2615 874 2679 enim
896 2616 930 2680 id
954 2617 1059 2682 solum
1081 2640 1157 2683 con·

146 2706 230 2770 tinet
261 2725 299 2767 ea
330 2703 522 2785 disputatio,
553 2705 590 2767 ut
622 2703 839 2786 cognitionem
871 2703 998 2770 adferat
1028 2707 1155 2790 generis

146 2791 291 2871 humani,
310 2789 364 2855 sed
388 2790 549 2873 significat
570 2789 756 2854 tolerabilia
772 2811 851 2870 esse,
870 2813 953 2873 quae
973 2795 1006 2855 et
1022 2793 1159 2856 tulerint

94 2879 306 2949 merserant
323 2877 430 2940 ceteri.
466 2875 515 2940 De
533 2879 724 2959 paupertate
743 2877 860 2960 agitur,
882 2878 976 2942 multi
995 2879 1157 2961 patientes

147 2963 1158 3136 p„,e1,h0300„,„333„333,u,10,0qqffiqmqq0q

147 3141 255 3223 ipsum
282 3138 456 3220 beatiores,
489 3160 675 3222 eorumque,
694 3102 759 3223 'qui
786 3141 949 3224 privatum
977 3077 1081 3205 otiiim
1104 3163 1165 3205 ne·⁴

148 3229 248 3312 gotiis
271 3226 409 3310 publicis
433 3226 663 3309 antetulerunt,
689 3227 882 3291 nominatim
905 3229 972 3294 vita
1000 3228 1159 3312 laudatur,

148 3337 206 3380 nec
234 3314 348 3378 siletur
375 3313 456 3378 illud
486 3313 703 3397 potentissimi
734 3315 819 3398 regis
849 3320 1074 3400 anapaestum,
1104 3317 1159 3401 qui

148 3403 261 3468 laudat
280 3423 390 3467 senem
411 3405 444 3465 et
465 3401 667 3466 fortunatum
686 3422 756 3466 esse
779 3401 870 3486 dicit,
892 3403 977 3487 quod
1000 3404 1159 3488 inglorius

100 3450 193 3629 'sit
224 3494 321 3576 atque
352 3489 506 3573 ignobilis
535 3489 575 3554 ad
602 3510 786 3572 supremum
818 3489 904 3553 diem
935 3497 1160 3574 perventurus.
