2476 3848
476 169 628 236 -253
675 208 716 219 —

88 341 259 408 mortales!
283 340 432 424 cuiquam
455 363 525 407 esse
547 342 628 407 utile
649 342 871 408 foedissimum
894 348 927 409 et
949 344 1094 410 taeterri-

90 453 180 495 mum
203 429 410 514 parricidium
432 430 572 514 patriae,
599 431 745 515 quamvis
772 431 814 514 is,
842 431 955 516 quise
978 454 1015 497 eo
1038 432 1094 497 ob-

91 517 274 600 strinxerit,
311 517 352 580 ab
389 518 552 601 oppressis
584 519 707 583 civibus
739 540 856 604 parens
887 519 1094 584 nominetur?

89 605 273 670 Honestate
294 604 397 689 igitur
419 604 592 690 derigenda
614 607 741 670 utilitas
760 611 817 690 est,
841 609 874 671 et
892 607 1021 691 quidem
1039 607 1094 690 sic,

90 698 129 758 ut
151 693 231 757 haec
254 693 316 757 duo
339 693 439 757 verbo
461 692 546 756 inter
573 714 608 757 se
634 693 829 778 discrepare,
856 715 891 759 re
918 716 1018 759 unum
1045 715 1094 759 so-

89 803 169 846 nare
187 780 365 844 videantur.
401 779 478 845 Non
494 780 608 865 habeo,
631 781 672 846 ad
692 782 782 867 volgi
805 781 989 866 opinionem
1012 803 1094 866 quac
1113 798 1147 848 84

89 869 196 934 maior
214 867 339 931 utilitas
359 889 456 951 quam
475 869 630 953 regnandi
649 890 718 934 esse
735 870 854 954 possit3
876 869 959 934 nihil
981 873 1095 934 contra

90 956 239 1022 inutilius
258 955 297 1038 ei,
320 955 374 1038 qui
392 955 426 1018 id
443 955 562 1020 iniuste
580 959 769 1021 consecutus
789 957 840 1041 sit,
862 956 1000 1040 invenio,
1022 979 1096 1022 cum

91 1045 134 1110 ad
156 1044 328 1108 veritatem
350 1043 442 1126 coepi
464 1064 613 1108 revocare
638 1045 806 1110 rationem.
841 1043 983 1110 Possunt
1011 1045 1096 1109 enim

91 1132 243 1214 cuiquam
265 1152 335 1194 esse
356 1131 455 1194 utiles
479 1151 632 1215 angores,
660 1131 907 1217 sollicitudines,
935 1132 1041 1197 diurni
1063 1136 1096 1197 et

90 1218 243 1284 nocturni
270 1220 389 1302 metus,
416 1218 485 1282 vita
511 1218 701 1282 insidiarum
728 1220 1007 1304 periculorumque
1030 1220 1096 1305 ple-

90 1305 252 1371 nissima?

137 1392 292 1458 Multi
282 1392 408 1477 miqui
444 1396 559 1477 atque
595 1390 779 1458 infideles
815 1397 948 1480 regno,
984 1395 1097 1480 pauci

777 1481 965 1565 be‘nivoli,

66 1569 200 1652 ‚inquit
227 1567 352 1633 Accius.
397 1566 444 1631 At
429 1567 526 1632 tcui
557 1568 680 1653 reguo?
725 1567 817 1642 Quod
849 1591 868 1633 a
894 1568 979 1633 Τ1111
965 1569 1033 1634 1110
1064 1573 1097 1633 11

93 1657 215 1740 Pelope
236 1656 401 1740 proditum
423 1654 492 1720 iure
515 1656 684 1740 optinebat
685 1678 731 1720 ur.
771 1654 858 1721 Nam
881 1660 1002 1740 quanto
1027 1657 1097 1740 plu·

93 1745 140 1809 ris
159 1745 188 1808 ei
206 1743 277 1828 regi
294 1746 401 1828 putas,
426 1743 481 1827 qui
499 1744 641 1809 exercitu
658 1743 771 1829 populi
785 1743 923 1809 Romani
940 1745 1096 1829 populum

93 1832 201 1916 ipsum
219 1831 402 1896 Romanum
426 1830 639 1915 oppressisset
662 1832 890 1916 civitatemque
911 1854 978 1897 non
1000 1832 1095 1897 modo

94 1920 246 2002 liberam,
275 1918 331 1983 sed
358 1917 456 1983 etiam
480 1920 631 2004 gentibus
652 1919 868 2003 imperantem
890 1920 1011 1985 servire
1034 1919 1097 1984 sibi

94 2008 276 2093 coegisset?
313 2005 407 2071 Hunc
429 2009 466 2071 tu
488 2028 568 2091 quas
591 2007 805 2073 conscientiae
827 2009 917 2073 labes
936 2007 970 2072 in
989 2007 1096 2072 animo
1115 2025 1149 2075 85
1226 2085 1227 2088 Ἴ

94 2116 206 2161 censes
228 2094 389 2177 habuisse,
413 2115 494 2178 quae
512 2096 669 2161 vulnera?
706 2093 879 2160 Cuiust
822 2099 879 2161 aut
881 2117 931 2160 em
951 2094 1021 2161 vita
1033 2095 1097 2181 ipsi

94 2185 263 2284 potestut
227 2182 318 2245 utilis
341 2203 427 2265 esse,
450 2204 522 2247 cum
545 2184 612 2248 eius
636 2183 722 2248 vitae
745 2205 784 2248 ea
806 2184 949 2249 condicio
973 2183 1030 2267 sit,
1052 2186 1098 2265 ut,

95 2271 153 2354 qui
174 2271 266 2334 illam
289 2233 457 2353 eripuerit,
483 2270 518 2334 in
545 2271 686 2334 maxima
713 2272 746 2335 et
773 2272 881 2356 gratia
902 2270 1030 2336 futurus
1054 2232 1098 2335 sit

95 2361 136 2422 et
153 2357 279 2443 gloria?
315 2355 437 2430 Quodsi
453 2357 533 2422 haec
550 2357 646 2421 utilia
662 2378 728 2422 non
747 2361 832 2442 sunt,
854 2379 935 2458 quae
958 2359 1098 2423 maxime

96 2445 253 2528 videntur,
267 2444 344 2528 quia
356 2445 453 2529 plena
467 2447 543 2509 sunt
557 2443 799 2509 dedecorist
734 2466 771 2510 ac
784 2447 859 2529 turp
860 2469 872 2509 1
863 2444 1003 2528 tudinis,
1017 2467 1053 2510 sa
1054 2446 1097 2509 tis

95 2554 286 2618 persuasum
304 2553 374 2596 esse
393 2532 489 2635 debet
505 2531 588 2596 nihil
607 2553 676 2596 esse
694 2531 784 2614 utile,
806 2531 892 2615 quod
913 2553 981 2596 non
1001 2532 1098 2597 hone·

96 2624 183 2685 stum
207 2621 259 2685 sit.

161 2707 364 2790 Quamquam
382 2707 415 2772 id
435 2701 562 2792 quidem
581 2728 654 2772 cum
673 2727 767 2792 saepe
787 2706 878 2790 alias,
895 2709 967 2769 tum
980 2704 1150 2805 Pyrrhi8ss

94 2796 181 2861 bello
201 2793 273 2860 aO.
286 2794 434 2861 Fabricio
456 2796 586 2860 consule
608 2794 727 2859 iterum
749 2797 782 2858 et
804 2816 824 2859 a
846 2796 961 2857 senatu
983 2755 1150 2857 nostro8ss

94 2883 215 2948 iudicat
201 2887 271 2947 tum
303 2887 361 2948 est.
406 2880 487 2947 Cum
514 2882 600 2948 enim
630 2903 687 2948 rex
712 2881 857 2965 Pyrrhus
882 2880 1009 2981 ..populo
1036 2879 1099 2945 Ro-

95 2992 193 3035 mano
215 2971 338 3035 bellum
359 2971 479 3035 ultro
469 2974 519 3034 mt
505 2971 643 3054 tulisset,
665 2991 800 3052 cumque
823 2968 889 3033 de
879 2968 1015 3068 rmperio
1034 2989 1099 3033 cer·

94 3061 205 3122 tamen
232 3062 318 3123 esset
345 3080 417 3123 cum
444 3079 520 3144 rege
548 3078 704 3143 generoso
732 3078 769 3122 ec
795 3056 919 3142 potent
910 3079 935 3139 1,
961 3055 1099 3142 perfuga

94 3146 137 3211 ab
160 3167 198 3210 10
220 3146 342 3211 venit
332 3168 367 3210 m
389 3149 497 3212 castra
518 3143 696 3210 Fabrici
669 3166 761 3229 eique
784 3148 834 3209 est
861 3144 1040 3230 pollicitus,
1070 3144 1098 3208 si

94 3233 275 3335 praemium
298 3234 361 3298 sibi
382 3233 614 3318 proposuisset,
634 3253 684 3316 se,
706 3236 743 3296 ut
766 3233 851 3298 clam
872 3232 1028 3316 venisset,
1053 3232 1098 3297 sic

94 3321 211 3386 clam
201 3343 236 3385 m
258 3320 376 3404 Pyrrhi
403 3325 511 3386 castra
537 3321 621 3386 redit
622 3342 716 3386 urum
743 3324 777 3385 et
803 3342 876 3386 eum
900 3341 1023 3386 veneno
1046 3341 1099 3384 ne·

95 3407 257 3473 catarum
283 3409 378 3474 Hunc
396 3407 563 3473 Fabricius
581 3407 795 3473 reducendum
814 3407 939 3474 curavit
960 3407 1005 3472 ad
1022 3407 1101 3487 qu-
1171 3466 1183 3489 .-

93 3496 199 3580 rhum,
219 3497 314 3580 idque
329 3497 396 3562 eius
413 3496 537 3564 factum
550 3495 725 3569 laudatum
737 3519 760 3566 a
772 3499 897 3566 senatu
912 3497 979 3560 est.
1012 3489 1135 3568 haqes,
1170 3464 1192 3615 1

1088 2678 1150 2741 22
