2476 3848
561 157 714 223 -480
763 195 801 205 -

175 316 254 381 satis
278 338 435 402 superque
458 316 581 382 dictum
604 320 663 383 est.
708 314 770 381 Sed
794 337 873 381 aveo
897 315 1022 400 audire,
1048 316 1197 402 tuipse,

175 403 281 487 Cotta,
304 405 381 489 quid
401 405 532 470 sentias.
569 406 631 489 An,
653 406 769 490 inquit,
794 405 914 471 oblitus
934 425 978 489 es,
998 404 1075 489 quid
1093 405 1195 475 initio

174 493 318 576 dixerim,
341 493 468 558 facilius
487 516 548 578 me,
571 495 692 559 talibus
711 493 903 579 praesertim
926 492 1091 578 derebus,
1111 495 1195 577 quid

173 602 238 647 non
276 583 442 667 sentirem,
478 604 575 666 quam
608 583 685 666 quid
723 583 890 664 sentirem,
925 602 1022 665 posse
1059 583 1194 650 dicere?

137 687 154 734 3
173 668 296 746 Quodsi
318 671 471 735 haberem
500 670 636 755 aliquid,
664 670 751 754 quod
773 671 923 755 liqueret,
950 669 1118 736 tumente
1143 673 1193 738 vi-

173 759 283 824 cissim
306 760 417 823 audire
441 759 571 843 vellem,
599 781 672 823 cum
699 759 771 843 ipsc
798 763 867 823 tam
895 756 999 822 multa
1022 759 1192 827 dixissem

172 846 255 912 Tum
278 847 414 912 Balbus:
442 845 559 911 Geram
581 848 645 912 tibi
667 869 791 912 morem
814 852 848 912 et
875 868 972 931 agam
995 869 1093 931 quarn
1117 848 1192 915 bre·

171 936 313 1000 vissume
348 939 476 1020 poter03
512 936 631 1000 etenim
669 935 825 1002 convictis
856 935 989 1018 Epicuri
1022 936 1190 1004 erroribus

171 1023 269 1108 longa
293 1024 332 1088 de
355 1046 428 1088 mea
455 1024 673 1108 disputatione
700 1025 847 1089 detracta
874 1023 979 1088 oratio
1004 1028 1062 1088 est
1109 1025 1190 1090 Om-

170 1112 248 1176 nino
272 1112 419 1176 dividunt
441 1114 545 1178 nostri
568 1117 673 1178 totam
697 1114 795 1177 istam
819 1113 858 1177 de
881 1111 930 1176 dis
953 1112 1188 1181 inmortalibus

66 1206 73 1213 '
171 1201 394 1284 quaestionem
417 1201 451 1266 in
473 1203 576 1285 partis
601 1204 765 1286 quattuor.
809 1200 956 1265 Primum
974 1201 1091 1266 docent
1115 1225 1188 1270 esse

171 1288 257 1372 deos,
280 1289 394 1354 deinde
418 1290 529 1375 quales
553 1291 628 1375 sint,
650 1294 720 1354 tum
744 1290 900 1354 mundum
925 1289 965 1353 ab
988 1289 1029 1354 iis
1051 1290 1189 1355 admini-

171 1377 280 1457 strari,
308 1382 471 1462 postremo
500 1379 668 1444 consulere
696 1400 752 1443 eos
780 1378 877 1442 rebus
907 1377 1067 1442 humanis.
1113 1376 1186 1445 Nos

171 1469 280 1530 autem
304 1467 365 1531 hoc
389 1488 545 1552 sermone,
569 1489 650 1552 quae
673 1467 784 1550 priora
806 1465 869 1530 duo
893 1469 978 1545 sunt,
1002 1487 1187 1554 sumamus3

170 1555 302 1619 tertium
326 1558 359 1618 et
387 1561 552 1641 quartum,
579 1557 655 1640 quia
682 1555 808 1620 maiora
831 1559 920 1639 sunt,
947 1557 1028 1638 puto
1056 1577 1127 1620 esse
1150 1556 1186 1620 in

170 1642 257 1706 aliud
280 1647 408 1726 tempus
437 1643 620 1709 differenda.
665 1643 798 1708 Minime
825 1666 917 1728 vero,
943 1644 1049 1727 inquit
1071 1641 1184 1729 Cotta,

168 1753 245 1795 nam
265 1735 297 1796 et
315 1732 412 1797 otiosi
431 1755 542 1798 sumus
561 1737 594 1797 et
611 1732 651 1797 iis
671 1732 826 1798 derebus
846 1732 982 1816 egimus,
1005 1753 1087 1816 quae
1106 1736 1186 1797 sunt

139 1822 711 1993 2enapuplegpqpiqiqsqeepqneppearee.
739 1907 867 1992 quum
894 1909 1036 1993 vireas,
1067 1908 1184 1996 nque,

134 1976 151 2024 4
170 1997 316 2061 oratione
335 1997 441 2079 prima
459 2019 543 2080 pars.
579 1995 662 2073 Quid
682 1997 768 2061 enim
787 2000 896 2080 potest
915 2018 986 2061 esse
1004 1999 1072 2061 tam
1092 2018 1184 2082 eper-

129 2163 131 2168 ,
168 2088 238 2147 tum
261 2087 392 2167 tamque
409 2086 624 2167 perspicuum,
647 2107 719 2150 oum
739 2086 863 2149 caelum
887 2084 1089 2169 suspeximus
1112 2107 1184 2152 cae-

168 2170 325 2254 lestiaque
353 2172 566 2256 contemplati
594 2194 717 2257 sumus,
747 2196 846 2258 quam
873 2194 943 2238 esso
971 2173 1106 2258 aliquod
1127 2197 1185 2240 nu·

168 2280 240 2323 men
256 2261 554 2342 praestantissimae
569 2263 696 2341 mentis,
715 2283 778 2346 quo
793 2261 873 2326 haec
887 2262 1065 2347 regantur?
1089 2261 1182 2338 Quod

166 2347 201 2499 qli
233 2347 280 2449 ita
312 2353 412 2433 esset,
448 2351 504 2433 qui
536 2351 697 2436 potuisset
729 2350 866 2416 adsensu
901 2350 1047 2415 omnium
1076 2349 1184 2417 dicere

196 2458 305 2501 nn1us:

232 2567 373 2662 Aspice
404 2580 474 2645 hoo
512 2577 675 2645 sublime
713 2579 894 2664 candens,
932 2601 1041 2663 quem
1073 2578 1184 2648 invo-

681 2672 771 2733 cant
794 2670 924 2733 omnes
948 2667 1093 2754 Iovem,

165 2807 258 2872 illum
282 2829 358 2872 vero
383 2811 415 2872 et
434 2807 543 2873 Iovem
567 2813 600 2872 et
623 2809 861 2874 dominatorem
883 2831 992 2875 rerum
1014 2814 1051 2875 ct
1072 2813 1184 2878 omnia

165 2901 247 2960 nutu
269 2902 436 2981 regentem
460 2901 505 2981 et,
529 2901 566 2961 ut
588 2897 674 2961 idem
695 2896 837 2978 Ennius,

333 3023 482 3105 petrem
505 3019 708 3106 divumque
731 3021 1007 3107 hominumque

166 3144 199 3204 et
221 3149 425 3225 praesentem
451 3167 487 3209 ac
510 3149 756 3230 praepotentem
779 3145 896 3211 deum?
933 3146 1028 3223 Quod
1052 3149 1110 3232 qui
1128 3149 1185 3217 du·

61 3170 94 3355 Ὕ
164 3228 259 3313 bitot,
287 3230 373 3297 haud
396 3254 474 3299 sane
497 3234 668 3318 intellego,
696 3256 752 3298 cur
774 3256 840 3299 non
867 3235 966 3320 idem,
994 3236 1045 3301 sol
1072 3238 1185 3306 sitan

128 3318 273 3382 enullus
308 3319 364 3402 sit,
396 3322 545 3387 dubitare
577 3324 691 3405 possit.
741 3320 803 3398 Qui
831 3324 919 3389 enim
951 3329 1001 3389 est
1027 3325 1092 3391 hoc
1122 3327 1184 3395 illo

165 3406 365 3472 evidentius?
425 3410 518 3488 Quod
554 3412 617 3476 nisi
657 3411 825 3498 cognitum
861 3413 1185 3500 conprehensumque

61 3548 140 3634 ι
160 3497 279 3562 animis
311 3497 520 3588 haberemus,
552 3521 620 3567 non
652 3505 720 3567 tam
752 3501 880 3567 stabilis
913 3501 1022 3586 opinio
1053 3525 1186 3589 perma-
