2476 3848
478 178 717 253 -477-

91 337 212 401 existat
239 339 273 401 et
295 336 337 401 ad
358 357 417 401 nos
442 335 576 416 adfluat,
605 355 677 399 oum
700 331 848 398 maximis
871 328 1095 416 voluptatibus

90 425 126 489 in
148 446 202 489 eas
221 423 379 508 imagines
399 425 540 489 mentem
558 421 717 486 intentam
735 420 931 504 infixamque
949 420 1094 482 nostram

90 512 351 597 intellegentiam
383 533 510 598 capere,
542 530 624 595 quae
656 508 699 574 sit
731 511 764 573 et
795 508 891 573 beata
919 508 1036 572 nature
1064 506 1097 570 et

94 603 234 665 aeterna.
286 597 419 665 Summa
451 620 528 665 vero
559 598 609 663 vis
641 595 812 662 infinitatis
845 600 877 661 et
909 614 1028 681 magna
1060 614 1097 658 ac
1116 604 1149 655 so

93 687 243 772 diligenti
266 686 538 773 contemplatione
561 685 751 772 dignissima
775 687 837 768 est,
863 684 896 749 in
921 704 984 768 qua
1005 681 1097 746 intel-

94 776 160 861 legi
182 797 312 840 necesse
337 779 387 840 est
405 796 477 841 eam
496 796 566 840 esse
583 778 743 858 naturam,
766 775 803 838 ut
821 771 929 837 omnia
947 769 1096 837 omnibus

93 863 226 947 paribus
256 863 348 947 paria
370 863 594 949 respondeant.
639 860 732 928 Hanc
755 861 931 946 ἰσονομίαν
954 856 1098 944 appellat

93 951 262 1034 Epicurus,
284 951 318 1015 id
341 954 392 1015 est
414 951 615 1036 aequabilem
633 950 853 1015 tributionem.
893 946 943 1014 Ex
960 947 1021 1012 heo
1039 944 1097 1046 igi·

93 1043 147 1102 tur
174 1039 255 1102 illud
282 1038 432 1124 efficitur,
464 1039 493 1104 si
519 1037 706 1104 mortalium
733 1041 826 1104 tante
849 1033 1022 1102 multitudo
1046 1036 1097 1117 s1t,

96 1149 165 1191 esse
183 1127 406 1192 inmortalium
423 1148 489 1193 non
507 1127 673 1211 minorem,
692 1129 726 1191 et
744 1127 780 1211 si,
800 1147 881 1211 quae
899 1123 1097 1206 interimant,

94 1214 343 1280 innumerabilia
366 1215 440 1299 sint,
463 1215 562 1280 etiam
580 1236 626 1298 ea,
650 1236 731 1298 quae
750 1215 949 1298 conservent,
971 1211 1099 1277 infinita

95 1324 166 1366 esse
199 1302 322 1366 debere.
375 1302 420 1368 Et
452 1324 603 1387 quaerere
634 1323 654 1366 a
684 1302 791 1384 nobis,
823 1299 939 1384 Balbe,
976 1298 1098 1383 soletis,

95 1412 176 1473 quae
203 1389 273 1454 vita
300 1390 431 1456 deorum
460 1390 517 1473 sit,
546 1410 689 1475 quaeque
712 1389 753 1454 ab
776 1388 816 1453 iis
841 1388 976 1475 degatur
999 1389 1098 1452 aetas.
1138 1401 1142 1411 ·

94 1476 144 1542 lla
170 1477 331 1562 videlicet,
363 1500 427 1561 qua
453 1478 536 1543 nihil
558 1477 699 1560 beatius,
727 1476 809 1542 nihil
832 1474 980 1540 omnibus
1003 1473 1097 1539 bonis
1117 1487 1149 1538 Μ

96 1565 279 1630 affluentius
309 1566 447 1651 cogitari
478 1567 596 1650 potest.
646 1563 737 1630 Nihil
770 1563 854 1629 enim
887 1561 967 1648 egit,
999 1561 1098 1627 nullis

97 1653 362 1737 occupationibus
399 1657 449 1718 est
480 1653 668 1739 inplicatus,
704 1652 794 1718 nulla
826 1671 925 1736 opera
956 1650 1098 1734 molitur,

96 1763 155 1805 sua
173 1741 334 1826 sapientia
352 1745 385 1807 et
402 1742 522 1807 virtute
542 1741 669 1826 gaudet,
689 1741 789 1806 habet
808 1739 1010 1823 exploratum
1027 1738 1098 1803 fore

96 1850 129 1893 se
154 1851 280 1913 semper
302 1852 375 1896 cum
396 1830 432 1894 in
454 1829 617 1914 maximis,
639 1832 710 1894 tum
732 1828 767 1893 in
790 1825 928 1893 aeternis
951 1827 1097 1912 volupte·
1108 1886 1151 1954 20

95 1917 192 1981 tibus.
237 1917 332 1983 Hunc
364 1919 457 1983 deum
486 1918 548 1982 rite
577 1917 710 1983 beatum
737 1914 923 2000 dixerimus,
954 1918 1097 1981 uestrum
1117 1965 1150 2016 ω

95 2026 171 2069 vero
190 2005 488 2072 laboriosissimum.
521 2003 594 2070 Sive
614 2005 699 2070 enim
713 2005 782 2092 ipse
798 2002 934 2070 mundus
950 2003 1098 2089 deusest,

96 2091 173 2174 quid
200 2096 311 2176 potest
338 2115 408 2159 esse
435 2094 542 2159 minus
570 2093 714 2176 quietum
742 2116 839 2179 quem
864 2093 956 2159 nullo
978 2096 1098 2179 puncto

95 2179 251 2263 temporis
282 2180 467 2246 intermisso
503 2181 627 2246 versari
656 2182 776 2247 circum
805 2203 897 2247 axem
927 2182 1008 2248 caeli
1046 2180 1098 2248 ad·

96 2266 238 2330 mirabili
261 2268 447 2334 celeritate?
477 2268 541 2333 nisi
564 2269 710 2354 quietum
732 2273 841 2335 autem
862 2269 944 2335 nihil
967 2270 1099 2336 beatum

96 2357 159 2436 est;
183 2353 250 2418 sive
272 2354 400 2439 inipso
423 2356 542 2423 mundo
566 2357 643 2422 deus
666 2357 750 2422 inest
774 2357 900 2442 aliquis,
924 2357 979 2442 qui
997 2361 1098 2443 reget,

97 2441 152 2526 qui
180 2442 348 2526 gubernet,
377 2443 432 2527 qui
459 2465 571 2509 cursus
599 2448 775 2529 astrorum,
802 2445 998 2511 mutationes
1021 2449 1099 2511 tem-

96 2551 221 2614 porum,
244 2551 350 2595 rerum
373 2531 611 2597 vicissitudines
630 2533 819 2618 ordinesque
838 2537 1013 2617 conservet,
1035 2537 1099 2598 ter·

96 2639 149 2682 ras
176 2621 209 2682 et
237 2619 341 2684 maria
368 2620 590 2704 contemplans
617 2621 784 2686 hominum
812 2621 980 2687 commoda
1001 2621 1099 2686 vites·

97 2727 158 2789 que
187 2709 331 2792 tueatur,
360 2729 401 2773 ne
430 2707 485 2772 ille
515 2711 565 2772 est
591 2707 766 2794 inplicatus
790 2709 935 2774 molestis
957 2709 1098 2794 negotiis

96 2797 129 2856 et
156 2794 312 2876 operosis!
358 2793 428 2860 Nos
457 2799 566 2861 autem
592 2796 723 2863 beatam
745 2798 848 2862 vitam
870 2797 904 2861 in
926 2797 1026 2862 animi
1049 2819 1095 2863 se·
1114 2811 1147 2861 oe

96 2879 233 2945 curitate
261 2884 293 2945 et
319 2882 355 2947 in
382 2883 526 2948 omnium
553 2885 721 2950 vacatione
748 2906 917 2950 munerum
939 2885 1099 2970 ponimus.

95 2967 214 3032 Docuit
246 2969 332 3034 enim
363 2991 422 3036 nos
449 2971 549 3055 idem,
581 2973 637 3055 qui
659 2976 777 3056 cetera,
805 2975 923 3037 natura
952 2972 1099 3040 effectum

95 3077 166 3119 esse
188 3056 357 3141 mundum,
385 3058 468 3124 nihil
492 3080 572 3145 opus
595 3058 695 3123 fuisse
717 3059 850 3142 fabrica,
873 3064 1005 3145 tamque
1028 3083 1099 3127 eam

95 3166 163 3209 rem
187 3165 257 3208 esse
278 3144 417 3230 facilem,
441 3169 539 3231 quam
560 3168 618 3212 vos
642 3146 726 3212 effici
748 3147 877 3235 negatis
901 3148 970 3213 sine
993 3149 1101 3215 divina

95 3253 192 3315 posse
221 3233 380 3315 sollertia,
409 3237 447 3297 nt
473 3234 718 3300 innumerabilis
746 3240 864 3301 natura
891 3237 1026 3302 mundos
1058 3239 1101 3303 ef·

95 3319 222 3384 sectura
254 3320 310 3403 sit,
342 3320 484 3404 efficiat„
507 3321 657 3388 effecerit.
710 3321 802 3399 Quod
834 3324 910 3408 quia
937 3348 1032 3409 quem
1061 3327 1102 3392 ad
1169 3326 1172 3353 ³

95 3407 228 3473 modum
255 3411 373 3474 natura
400 3408 527 3489 efficere
556 3410 623 3475 sine
647 3411 757 3495 aliqua
779 3416 887 3491 mente
909 3414 1015 3500 possit
1035 3436 1102 3480 non

95 3494 226 3581 videtis,
258 3499 296 3561 ut
327 3496 446 3583 tragici
478 3501 609 3583 politae,
636 3521 708 3565 cum
733 3501 894 3587 explicare
918 3500 1102 3588 argunienti
