2476 3848
518 162 758 227 -158-

135 331 228 408 Quod
259 350 360 416 genus
391 327 544 413 peccandi
575 327 743 392 vitandum
774 330 824 391 est
854 327 953 392 etiam
980 327 1015 392 in
1041 328 1140 394 rebus

134 418 275 485 urbanis.
312 415 394 482 Sunt
413 415 507 499 enim,
531 415 595 499 qui,
618 415 703 498 quod
721 415 874 498 sentiunt,
898 415 960 479 etsi
979 415 1139 499 optimum

135 508 191 592 sit,
214 510 323 571 tamen
346 502 486 568 invidiae
509 507 599 568 metu
620 524 686 567 non
709 502 848 567 audeant
872 502 984 568 dicere.

82 575 125 639 25
201 593 339 660 Omnino
363 591 419 675 qui
441 591 489 655 rei
511 590 660 675 publicae
677 589 859 675 praefuturi
877 593 962 674 sunt,
985 590 1047 656 duo
1066 591 1140 656 Pla·

100 651 221 748 ⁵tonis
243 683 417 766 praecepta
442 681 587 762 teneant,
613 700 726 761 unum,
752 681 790 741 ut
816 678 993 743 utilitatem
1021 674 1139 745 civium

135 771 181 836 sic
203 773 364 851 tueantur,
385 771 436 849 ut,
459 787 677 850 quaecumque
700 768 815 850 agunt,
838 766 880 830 ad
902 788 974 831 eam
996 766 1139 833 referant

135 857 231 922 obliti
249 855 490 920 commodorum
509 875 649 936 suorum,
673 854 819 937 alterum,
842 857 879 918 ut
897 857 1004 919 totum
1022 877 1139 940 corpus

134 946 182 1009 rei
204 944 353 1029 publicae
376 945 497 1025 curent,
519 962 569 1025 ne,
592 942 668 1005 dum
690 944 817 1024 partem
836 941 979 1026 aliquam
998 945 1139 1028 tuentur,

135 1031 275 1113 reliquas
300 1030 458 1095 deserant.
502 1027 549 1093 Ut
572 1029 657 1093 enim
679 1029 792 1112 tutela,
815 1029 861 1094 sic
883 1031 1068 1113 procuratio
1091 1032 1140 1096 rei

135 1119 284 1204 publicae
303 1117 344 1182 ad
363 1139 474 1182 eorum
491 1116 677 1200 utilitatem,
701 1116 756 1200 qui
779 1117 943 1182 commissi
966 1123 1051 1202 sunt,
1073 1140 1139 1183 non

136 1207 176 1272 ad
204 1229 327 1290 eorum,
360 1205 476 1290 quibus
508 1204 679 1270 commissa
711 1207 774 1287 est,
811 1204 951 1289 gerenda
984 1210 1048 1290 est3
1084 1207 1140 1290 qui

136 1298 244 1360 autem
266 1293 354 1379 parti
377 1293 494 1358 civium
513 1292 693 1374 consulunt,
715 1295 843 1375 partem
860 1294 1048 1379 neglegunt,
1070 1316 1139 1359 rem

135 1382 442 1468 perniciosissimam
459 1381 494 1444 in
512 1380 685 1480 civitatem·
696 1378 859 1480 inducunt,
883 1380 1074 1447 seditionem
1092 1386 1139 1446 at·

136 1470 578 1642 dtlddiblssiebbtstimili’cdiusbldoe
596 1471 775 1637 iideldh'tdlrl
793 1468 1139 1638 gildoihldiibrrdb’rdhil

83 1661 116 1712 88
135 1644 219 1710 Hinc
243 1651 329 1729 apud
355 1642 560 1707 Atheniensis
583 1663 720 1728 magnae
748 1642 937 1727 discordiae,
964 1644 998 1709 in
1024 1648 1139 1709 nostra

135 1732 324 1817 republica
345 1753 411 1796 non
434 1731 538 1795 solum
562 1731 748 1815 seditiones,
777 1731 833 1796 sed
858 1731 956 1796 etiam
983 1729 1138 1816 pestifera

135 1821 223 1884 bella
251 1820 372 1903 civilia3
402 1840 483 1902 quae
507 1818 615 1902 gravis
639 1822 672 1882 et
693 1818 789 1883 fortis
812 1818 891 1884 civis
914 1823 947 1882 et
968 1819 1003 1883 in
1024 1841 1059 1883 re
1081 1842 1138 1904 pu·

135 1908 221 1972 blica
244 1907 359 1991 dignus
387 1905 571 1989 principatu
592 1905 697 1990 fugiet
721 1909 817 1989 atque
841 1905 944 1970 oderit
966 1906 1137 1990 tradetque

136 2014 170 2058 se
192 1997 299 2058 totum
322 1994 369 2057 rei
392 1992 541 2076 publicae
563 2012 666 2075 neque
690 2013 767 2077 opes
790 1996 847 2058 aut
866 1994 1046 2078 potentiam
1065 2017 1137 2060 con-

137 2081 313 2145 sectabitur
330 2084 498 2163 totamque
517 2101 588 2143 eam
607 2079 652 2144 sic
670 2080 823 2164 tuebitur,
841 2084 878 2144 ut
897 2081 1047 2146 omnibus
1066 2104 1138 2148 con-

137 2169 237 2251 sulat3
254 2189 313 2234 nec
330 2190 407 2233 vero
426 2167 613 2233 criminibus
632 2166 724 2232 falsis
741 2168 775 2231 in
790 2168 898 2233 odium
913 2173 969 2234 aut
982 2170 1139 2235 invidiam

136 2278 330 2340 quemquam
343 2256 473 2322 vocabit
487 2256 680 2338 omninoque
691 2255 740 2320 ita
753 2256 897 2321 iustitiae
910 2257 1139 2342 honestatique

136 2344 355 2427 adhaerescet,
382 2348 431 2427 ut,
458 2344 533 2408 dum
557 2365 595 2408 ea
617 2347 797 2427 conservet,
826 2345 975 2429 quamvis
998 2347 1139 2429 graviter

136 2432 277 2496 offendat
300 2435 499 2515 mortemque
522 2435 657 2515 oppetat
679 2431 788 2516 potius
807 2452 905 2514 quam
924 2431 1051 2498 deserat
1071 2434 1137 2516 illa,

83 2534 116 2585 87
137 2541 217 2603 quae
237 2519 310 2584 dixi.
346 2519 526 2584 Miserrima
545 2519 676 2583 omnino
695 2522 745 2582 est
763 2518 897 2583 ambitio
916 2519 1138 2601 honorumque

135 2608 308 2691 contentio,
328 2607 366 2672 de
386 2629 449 2691 qua
466 2608 631 2691 praeclare
649 2606 735 2691 apud
749 2605 884 2672 eundem
898 2609 947 2671 est
958 2605 1138 2688 Platonem,

136 2695 336 2760 ‘similiter
353 2695 483 2760 facere
501 2716 577 2777 eos,
597 2693 660 2778 qui
677 2693 781 2758 inter
795 2714 834 2758 se
848 2694 1138 2776 contenderent,

134 2788 220 2848 uter
241 2784 372 2868 potius
395 2805 474 2848 rem
496 2783 690 2867 publicam
710 2780 1018 2866 administraret,
1040 2786 1082 2847 ut
1105 2781 1139 2846 si

134 2875 275 2936 nautae
298 2873 507 2953 certarent,
537 2870 621 2953 quis
651 2891 780 2935 eorum
801 2868 1048 2954 potissimum
1075 2892 1139 2957 gu-

134 2957 336 3021 bernaret?
372 2956 525 3041 Idemque
543 2958 708 3043 praecipit,
730 2962 768 3021 ut
792 2956 870 3022 ‘eos
894 2956 1138 3024 adversarios

136 3044 412 3127 existimemus,
436 3045 500 3128 qui
523 3065 627 3108 arma
649 3044 948 3129 contraierant,
970 3067 1045 3110 non
1063 3066 1140 3126 eos,

136 3132 200 3215 qui
232 3153 299 3195 suo
331 3131 475 3196 iudicio
509 3131 611 3195 tueri
647 3153 724 3196 rem
759 3132 954 3217 publicam
991 3130 1140 3213 velint',

137 3219 241 3302 qualis
270 3217 334 3282 fuit
360 3219 444 3284 inter
471 3219 506 3283 P.
534 3219 723 3284 Africanum
751 3223 785 3283 et
812 3218 848 3294 Q.
875 3219 1044 3284 Metellum
1071 3217 1139 3282 sine

137 3306 313 3371 acerbitate
336 3305 503 3371 dissensio.

82 3408 117 3461 88
201 3392 269 3459 Nec
296 3415 372 3459 vero
401 3387 561 3478 audiendi,
590 3395 645 3478 qui
672 3394 815 3480 graviter
841 3392 980 3459 inimicis
1003 3391 1140 3456 irascen-

69 3452 212 3630 γαπ]
239 3482 402 3567 putabunt
428 3482 523 3567 idque
556 3482 753 3567 magnanimi
784 3485 817 3547 et
847 3480 943 3545 fortis
976 3479 1039 3545 viri
1071 3502 1141 3545 esse
