2476 3848
535 193 776 258 -166-

151 357 190 422 de
212 356 337 422 insidiis
359 355 520 442 agendum
538 358 665 440 putant,
688 353 836 418 veritatis
859 353 1009 437 cultores,
1032 352 1156 418 fraudis
1186 381 1191 392 =

149 445 280 528 inimici,
301 444 444 527 itemque
468 443 541 526 alii,
564 442 619 527 qui
643 441 770 526 quidvis
793 440 1031 525 perpetiantur,
1055 442 1157 507 cuivis

150 532 341 616 deserviant,
364 531 449 616 durn,
472 530 558 616 quod
576 530 686 613 velint,
710 532 956 613 consequantur,
974 532 1013 594 ut
1031 526 1157 594 Sullam

150 623 184 685 et
210 619 252 685 M.
276 619 430 686 Crassum
456 619 653 691 videbamus.
699 615 768 691 Quo
796 617 830 680 in
860 637 977 703 genere
1004 619 1158 682 uersutis·

151 708 270 773 simum
292 713 325 772 et
347 707 623 792 patientissimum
644 704 933 771 Lacedaemonium
953 705 1158 789 Lysandrum

150 797 345 882 accepimus,
382 798 557 878 contraque
590 792 846 876 Callicratidan,
883 793 939 876 qui
974 793 1157 878 praefectus

151 884 265 949 classis
283 883 449 967 proximus
468 885 543 966 post
555 881 759 964 Lysandrum
777 880 853 965 fuit3
875 881 1017 965 itemque
1035 881 1070 946 in
1093 904 1158 947 ser·

151 970 300 1035 monibus
334 970 433 1035 alium
466 971 665 1054 [quemque],
697 969 845 1052 quamvis
877 972 1072 1054 praepotens
1105 970 1158 1054 sit,

151 1057 291 1142 efficere,
322 1062 359 1122 ut
390 1079 472 1123 unus
502 1057 540 1121 de
572 1057 684 1121 multis
717 1078 787 1122 esse
818 1057 979 1141 uideatur,
1011 1057 1097 1141 quod
1123 1058 1159 1122 in

74 1161 75 1165 ’
151 1143 282 1229 (latulo,
312 1147 401 1210 etin
423 1149 517 1230 patre
539 1148 572 1209 et
594 1145 629 1209 in
654 1144 737 1229 filio,
764 1145 906 1228 itemque
933 1145 968 1210 in
990 1143 1027 1220 Q.
1049 1144 1157 1211 Mucio

150 1234 174 1316 †
200 1232 329 1299 Mancia
360 1233 507 1299 uidimus.
555 1231 676 1298 Audivi
705 1254 744 1296 cx
774 1233 952 1298 maioribus
983 1236 1063 1298 natu
1095 1234 1158 1300 hoc

150 1321 237 1386 idern
258 1321 359 1386 fuisse
382 1321 416 1385 in
438 1321 473 1386 P.
496 1319 645 1405 Scipione
668 1319 801 1405 Nasica,
830 1325 1008 1405 contraque
1029 1324 1158 1406 patrem

151 1410 229 1494 eius,
252 1410 346 1474 illum
366 1409 421 1492 qui
439 1409 487 1473 Ti.
501 1407 639 1474 Gracchi
657 1412 791 1474 conatus
810 1409 954 1494 perditos
973 1409 1157 1494 vindicavit,

149 1499 276 1563 nullam
299 1498 485 1563 comitatam
508 1497 660 1564 habuisse
684 1498 841 1563 sermonis
866 1500 918 1579 [ne
941 1497 1157 1563 Xenocratem

151 1586 289 1671 quidem,
309 1586 548 1652 severissimum
562 1585 853 1670 philosophorum]
873 1586 914 1651 ob
934 1607 1068 1670 eamque
1086 1608 1156 1650 rem

150 1674 256 1758 ipsam
278 1696 433 1760 magnum
457 1678 489 1738 et
512 1675 636 1738 clarum
654 1673 763 1738 fuisse.
799 1673 1054 1738 Innumerabiles
1073 1673 1157 1739 aliae

151 1761 429 1827 dissimilitudines
444 1765 520 1826 sunt
533 1764 669 1826 naturae
683 1782 883 1845 morumque,
901 1761 1033 1826 minime
1047 1764 1159 1826 tamen

150 1849 447 1934 vituperandorum.

98 1906 150 2032 {10
217 1937 402 2001 Admodum
424 1940 533 2001 autem
555 1938 695 2002 tenenda
718 1941 794 2002 sunt
817 1959 876 2002 sua
894 1937 1008 2021 cuique
1028 1959 1094 2002 non
1111 1937 1157 2003 vi-

151 2025 249 2108 tiosa,
273 2024 329 2089 sed
351 2028 462 2089 tamen
483 2025 629 2109 propria,
655 2047 718 2109 quo
741 2025 869 2090 facilius
893 2025 1044 2090 decorum
1066 2025 1156 2109 illud,

152 2111 238 2196 quod
262 2112 454 2196 quaerimus,
477 2113 663 2178 retineatur.
709 2110 761 2179 Sic
785 2115 870 2178 enirn
893 2118 944 2178 est
965 2112 1157 2197 faciendum,

151 2203 188 2265 ut
211 2204 324 2265 contra
346 2200 530 2265 universam
557 2205 709 2265 naturam
735 2201 818 2265 nihil
846 2201 1090 2285 contendamus,
1119 2223 1158 2266 ea

150 2292 262 2353 tamen
292 2292 483 2354 conservata
514 2289 681 2373 propriam
711 2292 859 2353 nostram
890 2312 1075 2375 sequamur,
1110 2292 1158 2373 ut,

151 2376 281 2441 etiamsi
308 2377 374 2440 sint
402 2376 463 2440 alia
491 2377 642 2462 graviora
668 2381 766 2460 atque
789 2377 936 2462 meliora,
964 2383 1075 2442 tamen
1096 2399 1157 2442 nos

151 2464 259 2529 studia
280 2467 396 2529 nostra
410 2468 542 2528 nostrae
559 2468 695 2530 naturae
713 2465 827 2551 regula
845 2466 1031 2548 metiamur3
1052 2486 1158 2547 neque

151 2552 238 2616 anim
265 2553 384 2617 attinet
410 2556 545 2617 naturae
572 2574 754 2639 repugnare
775 2574 834 2618 nec
862 2552 1031 2636 quicquam
1056 2552 1157 2636 sequi,

151 2641 236 2724 quod
255 2641 383 2725 assequi
401 2662 467 2705 non
486 2662 592 2725 queas.
620 2641 670 2705 Ex
689 2663 752 2724 quo
771 2640 877 2726 magis
895 2640 1040 2725 emergit,
1061 2641 1157 2724 quale

150 2729 194 2793 sit
214 2731 363 2796 decorum
381 2729 472 2812 illud,
492 2729 563 2793 ideo
584 2729 659 2812 quia
675 2728 758 2793 nihil
777 2728 866 2794 decet
883 2726 988 2792 invita
1001 2728 1157 2812 Minerva,

149 2820 187 2881 ut
219 2818 324 2901 aiunt,
360 2817 394 2881 id
427 2820 478 2881 cst
511 2816 701 2881 adversante
733 2820 766 2881 et
797 2819 999 2902 repugnante
1030 2820 1157 2881 natum.

99 2916 148 2964 111
164 2903 302 2969 Omnino
326 2905 355 2968 si
378 2905 550 2989 quicquam
574 2907 623 2969 est
647 2904 810 2988 decorum,
832 2904 915 2969 nihil
939 2907 991 2970 est
1013 2905 1157 2990 profecto

150 2991 256 3075 magis
286 3015 384 3076 quam
411 2993 626 3077 aequabilitas
653 3013 723 3058 eum
753 2993 923 3058 universae
954 2994 1057 3077 uitae,
1087 2997 1159 3056 tum

152 3079 355 3164 singularum
378 3081 550 3164 actionum,
575 3103 672 3165 quam
695 3102 886 3147 conservare
908 3103 974 3146 non
992 3081 1106 3166 possis,
1130 3081 1159 3143 si

152 3166 289 3231 aliorum
307 3171 458 3232 naturam
477 3168 610 3234 imitans
630 3169 763 3234 omittas
781 3171 881 3234 tuam.
917 3167 964 3234 Ut
986 3167 1073 3233 enim
1096 3187 1158 3229 ser-

151 3275 246 3319 mone
269 3276 306 3319 eo
331 3254 483 3327 debemus
506 3257 568 3340 uti,
596 3257 652 3342 qui
674 3257 805 3323 innatus
829 3261 879 3323 est
906 3255 1015 3339 nobis,
1040 3275 1095 3337 nc,
1122 3259 1160 3318 ut

152 3341 296 3426 quidam,
324 3342 447 3409 Graeca
469 3345 570 3410 verba
596 3345 795 3410 inculcantes
818 3345 887 3410 iura
910 3342 1034 3428 optimo
1058 3341 1161 3406 ridea-

151 3451 224 3494 mur
230 3481 239 3515 ,
263 3430 366 3497 sicin
388 3432 531 3498 actiones
556 3453 746 3518 omnemque
768 3433 871 3499 vitam
893 3431 1020 3501 nullam
1043 3430 1161 3496 discre-

67 3496 150 3633 Ὶιῦ
163 3519 311 3604 pantiam
343 3519 487 3585 conferre
519 3520 680 3586 debemus.
725 3519 835 3606 Atque
865 3518 945 3584 haec
978 3518 1161 3586 differentia
