2476 3848
108 532 201 611 putes
224 530 471 592 consentaneum
495 548 564 591 esse
587 527 620 589 id
643 489 755 590 dicere.
797 525 901 589 Multa
923 527 1010 590 enim
1034 549 1056 591 a
1079 531 1116 593 te

108 619 220 681 contra
234 617 330 679 istam
345 616 538 679 sententiam
554 614 617 678 diet
604 618 638 678 ta
653 617 757 677 sunte
713 612 855 678 tett'S
810 618 966 679 torcorum
980 614 1114 680 ratione

108 705 266 768 conclusa.

56 801 89 850 83
173 793 221 856 M.
243 791 461 856 Utamur't
400 791 461 874 igit
463 813 499 853 ur
518 792 649 854 libertat
635 794 676 872 te,
694 813 757 874 qua
775 790 868 855 nobis
887 789 994 854 solis'
985 811 1020 854 rn
1038 791 1114 874 phi·

106 879 254 962 losophia
281 880 357 943 licet
384 880 445 960 uti,
473 900 608 963 quorum
635 879 737 943 oratio
764 877 845 942 nihil
876 877 947 962 ipsa
977 877 1114 964 iudicat,

109 967 163 1031 sed
190 966 328 1030 habetur
354 967 388 1030 in
416 967 519 1031 omnis
547 967 660 1048 partis,
687 971 724 1029 ut
746 966 786 1030 ah
810 966 881 1029 aliis
908 966 1015 1048 possit
1037 968 1114 1051 ipsa

107 1076 165 1137 per
197 1075 266 1118 sese
302 1055 424 1117 nullius
456 1054 646 1119 auctoritate
682 1054 832 1118 adiuncta
862 1053 1006 1118 iudicari.
1066 1054 1114 1120 Et

108 1142 258 1224 quoniam
291 1142 409 1205 videris
441 1142 503 1206 hoc
534 1143 628 1225 velle,
660 1145 709 1223 ut,
738 1163 953 1225 quaecumque
985 1141 1113 1209 dissen-

107 1230 256 1294 tientium
274 1229 541 1312 philosophorum
557 1231 716 1294 sententia
735 1230 778 1293 sit
796 1229 834 1293 de
852 1230 978 1309 finibus,
996 1234 1113 1297 tamen

107 1319 207 1382 virtus
232 1318 310 1381 satis
337 1317 457 1381 habeat
479 1318 519 1382 ad
550 1319 650 1382 vitam
676 1318 803 1382 beatam
830 1317 996 1400 praesidii,
1023 1320 1112 1403 quod

107 1405 235 1490 quidem
259 1404 455 1470 Carneadem
482 1405 646 1488 disputare
670 1405 801 1469 solitum
830 1405 1024 1490 accepimus;
1054 1409 1113 1473 sed

106 1495 149 1572 is,
176 1497 213 1557 ut
239 1499 352 1557 contra
378 1492 517 1576 Stoicos,
544 1516 624 1578 quos
653 1492 884 1557 studiosissime
911 1515 1037 1576 semper
1061 1517 1113 1560 re·

108 1582 251 1663 fellebat,
281 1586 313 1645 et
335 1585 446 1646 contra
469 1604 604 1665 quorum
626 1581 827 1664 disciplinam
849 1581 1016 1665 ingenium
1039 1584 1112 1649 eius

108 1674 282 1752 exarserat,
314 1692 372 1733 nos
405 1670 532 1753 quidem
564 1670 644 1733 illud
676 1691 747 1732 cum
778 1691 855 1751 pace
888 1691 1028 1754 agemus.
1077 1670 1112 1737 Si

108 1759 192 1821 enim
221 1755 320 1821 Stoici
345 1757 419 1821 finis
447 1759 602 1821 bonorum
625 1760 711 1821 recte
734 1757 932 1840 posiverunt,
962 1757 1113 1825 confecta

107 1867 157 1909 res
186 1848 248 1909 est:
276 1866 403 1909 necesse
431 1847 480 1908 est
507 1866 630 1927 semper
663 1845 792 1908 beatum
819 1866 888 1909 esse
920 1845 1113 1928 sapientem.

55 1945 89 1993 84
108 1931 169 1997 Sed
189 1954 493 2016 quaeramusunam
513 1953 670 2015 quamque
688 1933 885 2015 reliquorum
904 1934 1111 2019 sententiam,

108 2021 136 2083 si
167 2021 238 2082 fieri
270 2022 390 2100 potest,
421 2023 458 2082 ut
487 2019 550 2083 hoc
581 2021 781 2102 praeclarum
818 2021 910 2105 quasi
944 2021 1111 2087 decretum

107 2108 219 2170 beatae
246 2108 330 2169 ritae
358 2107 462 2189 possit
494 2107 636 2170 omnium
669 2109 835 2173 sententiis
865 2112 897 2172 et
929 2109 1111 2192 disciplinis

108 2215 285 2259 convenire.

55 2278 97 2342 30
174 2279 255 2346 Sunt
283 2285 390 2346 autem
416 2281 495 2346 haec
517 2282 556 2346 de
581 2283 712 2365 finibus,
742 2287 779 2347 ut
808 2284 935 2366 opinor,
964 2288 1112 2352 retentae

107 2369 317 2454 defensaeque
354 2371 545 2435 sententiae:
581 2370 720 2453 primum
754 2371 915 2454 simplices
948 2376 1113 2458 quattuor,

106 2458 190 2523 nihil
221 2459 342 2523 bonurn
373 2459 437 2522 nisi
462 2459 645 2542 honestum,
671 2464 709 2523 ut
735 2457 849 2542 Stoici,
876 2460 958 2524 nihil
986 2461 1111 2526 bonum

106 2547 170 2610 nisi
192 2546 404 2630 voluptatem,
426 2550 464 2610 ut
482 2547 654 2630 Epicurus,
676 2547 757 2611 nihil
779 2547 900 2611 bonum
921 2546 984 2611 nisi
1002 2550 1113 2614 vacui-

106 2639 208 2698 tatem
234 2636 361 2719 doloris,
391 2638 427 2698 ut
453 2633 684 2719 Hieronymus,
710 2635 792 2698 nihil
818 2635 938 2699 honum
966 2636 1031 2701 nisi
1053 2659 1112 2703 na·

106 2728 197 2786 turae
220 2724 334 2806 primis
357 2722 451 2786 bonis
476 2725 532 2785 aut
549 2723 698 2786 omnibus
721 2726 777 2786 aut
798 2724 954 2787 maxumis
976 2723 1051 2807 frui,
1074 2732 1113 2791 ut
1234 2772 1236 2781 ·

107 2809 285 2876 Carneades
305 2814 416 2875 contra
435 2808 558 2875 Stoicos
583 2810 766 2875 disserebat.
802 2808 890 2874 Haec
910 2811 1010 2895 igitur
1033 2813 1112 2878 sim·

54 2912 87 2962 85
107 2900 214 2981 plicia,
233 2898 290 2961 illa
309 2899 423 2962 mixta:
441 2898 505 2960 tria
522 2918 639 2981 genera
653 2899 818 2980 bonorum,
837 2920 986 2963 maxuma
1000 2899 1113 2984 animi,

107 2987 245 3050 secunda
272 2985 427 3068 corporis,
455 2988 585 3049 externa
611 2986 722 3068 tertia,
751 2989 788 3049 ut
814 2985 1022 3069 Peripatetici
1049 3010 1113 3054 nec

107 3075 208 3137 multo
236 3079 359 3137 ueteres
386 3073 570 3136 Academici
599 3095 702 3156 secus3
730 3074 927 3157 voluptatem
955 3095 1028 3141 cum
1051 3074 1113 3142 ho·

106 3165 231 3223 nestate
250 3160 470 3225 Dinomachus
490 3165 522 3225 et
540 3158 688 3244 Callipho
706 3161 879 3245 copulavit,
896 3162 1113 3229 indolentiam

108 3253 216 3311 autem
234 3248 397 3311 honestati
414 3249 647 3331 Peripateticus
665 3249 826 3314 Diodorus
846 3250 1001 3315 adiunxit.
1037 3249 1115 3317 Hae
1231 3242 1234 3299 ἓ

108 3339 182 3399 sunt
200 3338 391 3416 sententiae,
409 3357 490 3419 quae
509 3337 695 3401 stabilitatis
715 3337 834 3420 aliquid
855 3337 1012 3422 habeant,
1033 3361 1114 3406 narn

107 3423 284 3504 AristoniS,
308 3422 499 3507 Pyrrhonis,
521 3425 616 3489 Erilli
638 3447 705 3488 non
727 3425 949 3509 nullorumque
973 3426 1115 3499 aliorum
1229 3444 1234 3453 '

30 3462 52 3634 ,
105 3518 313 3577 evanuerunt.
345 3511 388 3575 Hi
402 3511 478 3596 quid
492 3515 618 3596 possint
632 3513 784 3596 obtinere,
799 3513 965 3578 rideamus
979 3516 1114 3583 omissis
1230 3540 1233 3547 ·

490 225 532 234 —
578 191 728 253 402-

107 352 299 416 tractatione
317 351 418 416 libere
438 351 542 414 dicere
560 349 712 415 auderent
698 350 883 432 tsapientis
898 371 966 414 esse
981 371 1117 435 semper

108 439 326 521 beatissimos,
355 439 388 502 id
419 439 514 502 velim
544 438 664 517 audire,
698 459 791 521 quem
823 437 862 501 ad
894 437 1024 502 modum
1058 439 1115 505 his
