2476 3848
522 168 675 234 -525
720 204 762 215 -

80 368 82 373 -
139 324 257 390 minuti
284 329 318 391 et
345 328 476 411 angusti
499 332 555 392 aut
577 330 686 394 omnia
713 352 839 414 semper
861 331 1066 415 desperantes
1090 338 1146 400 aut

139 413 305 497 malevoli,
328 414 443 498 invidi,
466 415 626 500 difficiles,
656 417 803 503 lucifugi,
830 420 990 505 maledici,
1013 424 1145 506 morosi,

138 499 194 564 alii
232 504 341 566 autem
377 503 476 567 etiam
512 505 678 569 amatoriis
716 505 903 572 levitatibus
939 508 1050 592 dediti,
1087 510 1144 574 alii

138 588 334 673 petulantes,
357 589 414 654 alii
433 591 582 675 audaces,
604 594 759 677 protervi,
779 594 876 659 iidem
893 596 1143 680 intemperantes

138 679 172 739 et
200 675 324 761 ignavi,
349 699 524 762 numquam
549 680 585 744 in
612 682 774 746 sententia
800 687 1036 766 permanentes,
1064 706 1143 768 quas

137 762 180 828 ob
213 785 326 829 causas
358 766 393 828 in
419 787 531 831 eorum
558 768 625 832 vita
651 769 742 834 nulla
769 775 819 835 est
844 771 1047 855 intercapedo
1075 795 1143 838 mo·
1226 793 1230 796 ’

136 850 259 915 lestiae.
320 852 428 937 Igitur
466 864 571 938 neque
612 857 786 922 stultorum
822 859 991 943 quisquam
1026 861 1142 925 beatus

137 959 240 1022 neque
268 941 463 1023 sapientium
488 964 554 1007 non
580 943 702 1009 beatus.
753 945 920 1030 Multoque
942 947 1004 1012 hoc
1026 949 1142 1013 melius

136 1047 197 1091 nos
229 1028 399 1112 veriusque
432 1052 528 1114 quam
561 1029 670 1096 Stoici.
722 1031 777 1097 Illi
804 1035 890 1098 enim
920 1039 1042 1120 negant
1072 1058 1142 1101 esse

87 1139 92 1157 ¹
136 1113 258 1178 bonum
290 1117 462 1200 quicquam
496 1119 560 1182 nisi
590 1120 697 1183 neseio
730 1143 826 1204 quam
857 1122 951 1186 illam
986 1124 1158 1208 umbram,

137 1201 222 1285 quod
240 1203 406 1286 appellant
424 1205 594 1270 honestum
617 1227 684 1270 non
705 1209 774 1270 tam
798 1209 902 1274 solido
922 1233 1018 1294 quam
1037 1213 1142 1294 splen-

136 1289 210 1355 dido
248 1292 393 1376 nomine,
427 1293 580 1357 virtutem
617 1296 726 1357 autem
760 1294 869 1358 nixam
906 1297 969 1362 hoe
1004 1297 1140 1361 honesto

134 1378 258 1442 nullam
275 1379 436 1464 requirere
454 1380 655 1463 voluptatem
674 1384 769 1462 atque
789 1381 829 1444 ad
852 1383 947 1447 beate
968 1384 1140 1448 vivendum

135 1485 170 1530 se
192 1465 265 1548 ipsa
288 1488 359 1531 esse
382 1469 576 1532 contentam.
1151 1520 1192 1584 19

202 1552 266 1618 Sed
291 1557 428 1637 possunt
450 1553 529 1618 haee
556 1553 694 1636 quadam
717 1555 841 1618 ratione
865 1554 928 1619 dici
954 1577 1019 1619 non
1035 1557 1138 1622 'modo
1158 1598 1191 1647 52
1230 1567 1232 1572 “

134 1661 200 1705 non
217 1642 486 1726 repugnantibus,
507 1661 618 1705 verum
637 1641 736 1704 etiam
755 1642 1009 1724 approbantibus
1034 1643 1138 1709 nobis.

135 1724 188 1792 Sic
207 1729 292 1793 enim
311 1730 350 1793 ab
369 1728 517 1812 Epicuro
531 1729 659 1811 sapiens
679 1749 806 1811 semper
823 1729 937 1793 beatus
960 1729 1138 1796 inducitur:

134 1815 241 1881 finitas
264 1817 364 1881 habet
382 1816 588 1899 cupiditates,
610 1816 754 1899 neglegit
776 1819 926 1899 mortem,
948 1815 987 1880 de
1010 1818 1058 1881 dis
1077 1819 1137 1890 im<

135 1905 325 1969 mortalibus
353 1904 422 1969 sine
449 1903 516 1968 ullo
544 1905 632 1967 metu
658 1924 735 1967 vera
763 1903 874 1985 sentit,
905 1924 971 1967 non
1001 1902 1137 1986 dubitat,

135 1991 165 2055 si
195 1993 242 2056 ita
273 1992 388 2056 melius
416 1992 471 2076 sit,
503 1990 642 2074 migrare
676 1989 715 2055 de
740 1990 817 2055 vita.
870 1988 930 2053 His
962 1989 1057 2054 rebus
1088 1992 1136 2056 in·

134 2082 274 2144 structus
293 2101 419 2162 semper
441 2081 490 2143 est
507 2079 543 2142 in
560 2077 735 2161 voluptate.
771 2075 881 2160 Neque
900 2077 987 2141 enirn
1008 2081 1135 2161 tempus

134 2170 184 2231 est
214 2166 330 2245 ullum,
362 2188 424 2249 quo
454 2188 521 2231 non
551 2166 623 2248 plus
656 2165 860 2247 voluptatum
890 2163 1011 2229 habeat
1041 2188 1136 2250 quam

133 2254 290 2320 dolorum.
337 2254 423 2318 Nam
450 2258 483 2317 et
508 2251 683 2336 praeterita
712 2254 804 2336 grate
826 2252 972 2316 meminit
995 2257 1028 2316 ct
1044 2275 1135 2336 prae-

133 2343 279 2407 sentibus
301 2342 349 2406 ita
371 2342 506 2425 potitur,
532 2343 569 2404 ut
592 2339 840 2422 animadvertat,
865 2343 986 2421 quanta
1008 2340 1075 2404 sint
1098 2362 1136 2405 ea

134 2450 291 2514 quamque
318 2429 468 2513 iucunda,
493 2449 595 2511 neque
624 2427 741 2509 pendet
768 2448 807 2490 ex
831 2426 963 2507 futuris,
996 2427 1052 2490 sed
1083 2448 1135 2491 ex·

58 2532 59 2535 ’
133 2520 258 2600 spectat
275 2517 347 2601 illa,
369 2518 486 2581 fruitur
503 2514 724 2598 praesentibus
749 2514 789 2577 ab
812 2513 915 2596 iisque
932 2513 1030 2593 vitiis,
1053 2535 1134 2597 quae

130 2606 227 2688 paulo
257 2608 331 2669 ante
356 2605 480 2689 collegi,
504 2604 597 2667 abest
614 2602 786 2685 plurimum
804 2605 845 2682 et,
869 2622 941 2665 cum
961 2600 1134 2665 stultorum

131 2692 233 2757 vitam
262 2715 335 2758 oum
358 2714 416 2756 sua
438 2693 615 2775 comparat,
643 2710 760 2774 magna
788 2688 927 2752 afficitur
954 2688 1132 2772 voluptate,

132 2777 258 2844 dolores
278 2783 386 2844 autem
409 2780 436 2844 si
460 2780 514 2863 qui
535 2779 711 2861 incurrunt,
732 2798 906 2861 numquam
924 2776 989 2840 vim
1007 2779 1133 2840 tantam

130 2863 264 2948 habent,
298 2871 336 2931 nt
361 2889 428 2933 non
453 2868 525 2950 plus
552 2865 671 2930 habeat
702 2866 841 2949 sapiens,
873 2863 957 2948 quod
988 2864 1134 2947 gaudeat,

130 2973 226 3035 quam
261 2953 347 3036 quod
379 2958 523 3039 angatur.
576 2952 704 3036 Optime
736 2974 809 3017 vero
839 2951 1013 3035 Epicurus,
1049 2952 1185 3035 quodue

130 3039 278 3122 exiguam
297 3040 378 3104 dixit
396 3042 558 3105 fortunam
577 3040 770 3105 intervenire
788 3039 939 3123 sapienti,
963 3039 1133 3104 maximas-

130 3148 192 3210 que
214 3128 255 3191 ab
274 3148 311 3191 eo
330 3131 364 3192 et
381 3128 588 3212 gravissimas
601 3134 659 3192 'res
678 3128 813 3193 consilio
831 3127 935 3210 ipsius
954 3130 988 3191 et
1008 3129 1133 3193 ratione

131 3213 361 3299 administrari,
389 3236 491 3299 neque
519 3215 674 3279 maiorem
701 3216 901 3299 voluptatem
935 3238 973 3282 ex
1008 3216 1133 3281 infinito
1161 3160 1202 3608 r

128 3306 273 3386 tempore
296 3303 413 3368 aetatis
436 3303 559 3385 percipi
580 3324 688 3387 posse,
717 3326 813 3388 quam
836 3327 875 3370 ex
896 3305 957 3369 hoo
979 3304 1134 3388 percipia-

128 3393 193 3474 tur,
216 3391 302 3475 quod
324 3390 487 3456 videamus
511 3412 581 3456 esse
603 3392 739 3477 finitum,
775 3391 814 3457 In
833 3392 1002 3458 dialectica
1025 3394 1153 3459 autem'

128 3483 236 3544 vestra
252 3480 376 3545 nullam
395 3479 590 3545 existimavit
608 3501 677 3545 esse
695 3501 754 3546 neo
772 3481 813 3545 ad
830 3481 945 3546 melius
961 3479 1093 3583 vivond¹
