2476 3848
527 157 766 221 -442-

146 319 294 400 fluenter,
317 316 479 397 absoluto,
495 335 663 399 prospere,
680 313 781 400 igitur
797 315 900 378 beate.
938 312 1023 379 Satis
1043 317 1159 381 autern

146 405 248 470 virtus
276 403 316 467 ad
342 403 470 468 fortiter
497 400 668 467 vivendum
694 404 815 485 potest3
843 401 923 465 satis
952 422 1029 486 ergo
1053 403 1158 469 etiam

94 506 128 554 54
147 493 187 556 ad
209 491 311 556 beate.
362 491 491 555 Etenim
514 493 551 554 ut
573 488 724 571 stultitia,
752 488 813 553 etsi
837 489 953 571 adepta
975 493 1038 573 est,
1066 491 1159 574 quod

147 579 337 662 concupivit,
354 600 529 663 numquam
549 599 582 641 se
601 580 711 641 tamen
729 577 809 640 satis
823 579 1028 641 consecutam
1046 581 1156 663 putat,

148 669 194 731 sic
212 667 372 749 sapientia
387 688 512 750 semper
525 687 563 729 eo
578 668 731 730 contenta
749 667 807 747 est,
825 665 911 748 quod
930 665 1029 749 adest,
1047 687 1156 750 nequa

147 777 220 819 eam
242 776 393 838 umquam
417 755 466 817 sui
489 753 642 837 paenitet.

98 848 137 911 19
214 839 398 905 Similemne
416 844 511 924 putas
531 837 564 903 C.
582 839 684 903 Laelii
702 861 802 903 unum
821 840 1024 903 consulatum
1041 839 1157 925 fuisse,

147 931 180 992 et
198 950 270 992 eum
293 928 421 1011 quidem
440 949 512 990 cum
531 926 659 1009 repulsa
677 923 733 1011 (si,
757 948 829 991 cum
848 928 975 1009 sapiens
994 930 1027 991 et
1045 927 1155 993 bonus

146 1017 208 1098 vir,
231 1015 333 1098 qualis
356 1015 412 1079 ille
434 1014 508 1096 fuit,
536 1014 697 1099 suffragiis
723 1015 929 1097 praeteritur,
955 1036 1021 1079 non
1048 1036 1155 1099 popu·

146 1105 196 1167 lus
228 1123 248 1164 a
283 1100 368 1164 bono
406 1102 535 1165 consule
571 1103 680 1184 potius
713 1122 808 1183 quam
840 1103 894 1165 ille
926 1123 946 1164 a
975 1102 1061 1165 bono
1094 1124 1153 1187 po-

146 1190 222 1273 pulo
253 1190 414 1274 repulsam
443 1191 519 1273 fert)
552 1226 595 1236 —
623 1188 679 1252 sed
701 1195 811 1252 tamen
833 1191 941 1252 utrum
968 1188 1083 1254 malles
1110 1194 1155 1274 te,

147 1278 175 1342 si
197 1280 341 1359 potestas
368 1279 466 1358 esset,
493 1277 591 1340 semel
618 1279 654 1340 ut
680 1274 826 1339 Laelium
854 1277 1017 1339 consulem
1045 1298 1089 1341 an
1116 1282 1154 1343 ut

91 1378 127 1427 55
148 1363 285 1430 Cinnam
312 1362 447 1448 quater?
501 1361 576 1428 Non
603 1362 730 1444 dubito,
761 1367 798 1426 tu
829 1362 905 1446 quid
936 1385 1154 1446 responsurus

148 1454 207 1534 sis3
230 1453 338 1535 itaque
361 1452 467 1528 video,
498 1451 548 1514 cui
571 1451 781 1515 committam.
824 1449 899 1514 Non
922 1451 1065 1534 quemvis
1088 1452 1154 1519 hoc

146 1540 232 1604 idem
254 1540 502 1624 interrogarem3
524 1538 732 1622 responderet
750 1538 834 1602 enim
854 1538 937 1602 alius
954 1538 1094 1604 fortasse
1118 1563 1153 1605 se

146 1650 211 1692 non
244 1626 339 1692 modo
369 1629 521 1710 quattuor
552 1625 739 1691 consulatus
770 1626 825 1689 uni
857 1630 1063 1710 anteponere,
1094 1630 1154 1693 sed

146 1737 245 1778 unum
277 1714 361 1778 diem
393 1711 515 1779 Cinnae
549 1714 724 1778 multorum
756 1716 789 1777 et
815 1712 976 1778 clarorum
1008 1714 1153 1780 virorum

146 1802 225 1867 totis
257 1802 425 1865 aetatibus.
483 1800 611 1865 Laelius
649 1801 677 1864 si
709 1801 810 1885 digito
848 1822 942 1884 quem
978 1802 1155 1888 attigisset,

146 1911 266 1973 poenas
294 1888 448 1970 dedisset3
477 1892 512 1950 at
534 1886 637 1953 Cinna
664 1889 806 1972 collegae
833 1888 896 1970 sui,
925 1890 1065 1953 consulis
1093 1888 1154 1956 Cn.

147 1976 285 2058 Octavii,
308 1975 450 2058 praecidi
473 1979 569 2057 caput
591 1976 698 2058 iussit,
725 1976 759 2040 P.
782 1973 905 2058 Crassi,
933 1975 968 2038 L.
993 1973 1154 2062 Caesaris,

145 2063 418 2128 nobilissimorum
440 2062 617 2146 hominum,
647 2085 782 2147 quorum
804 2065 908 2128 virtus
935 2062 1041 2127 fuerat
1064 2064 1153 2130 domi

146 2151 343 2232 militiaeque
379 2148 523 2233 cognita,
564 2149 606 2213 M.
638 2149 787 2229 Antonii,
823 2151 967 2216 omnium
1003 2152 1153 2235 eloquen-

146 2236 280 2320 tissimi,
303 2259 382 2320 quos
406 2257 466 2322 ego
491 2237 658 2321 audierim,
682 2236 715 2303 C.
739 2236 899 2321 Caesaris,
924 2239 1044 2322 inquo
1069 2240 1155 2305 mihi

146 2324 270 2389 videtur
293 2324 456 2409 specimen
477 2325 577 2390 fuisse
598 2325 825 2403 humanitate,
852 2325 943 2408 salis,
971 2327 1154 2412 suavitatis,

145 2412 273 2495 leporis.
327 2412 488 2476 Beatusne
516 2413 627 2497 igitur,
658 2414 713 2498 qui
743 2413 802 2477 hos
832 2413 1015 2477 interfecit?
1067 2413 1154 2480 Mihi

146 2505 259 2566 contra
277 2523 343 2565 non
361 2500 467 2565 solum
486 2521 523 2564 eo
542 2501 667 2566 videtur
686 2501 795 2584 miser,
818 2501 903 2584 quod
922 2523 959 2565 ea
983 2500 1071 2586 fecit,
1094 2503 1153 2568 sed

146 2588 244 2653 etiam
267 2588 352 2672 quod
374 2587 421 2652 ita
440 2609 474 2651 se
498 2588 611 2673 gessit,
634 2592 671 2652 ut
688 2609 726 2652 ea
743 2588 848 2653 facere
867 2589 897 2652 ei
919 2589 1039 2653 liceret.
1077 2588 1154 2655 Etsi

145 2697 277 2758 peccare
299 2676 421 2739 nemini
443 2676 532 2758 licet3
558 2675 612 2739 sed
631 2676 787 2740 sermonis
811 2697 917 2740 errore
938 2676 1093 2760 labimur;
1117 2677 1153 2742 id

89 2784 126 2832 ao
146 2765 232 2828 enim
255 2765 350 2828 licere
374 2762 521 2844 dicimus,
552 2763 636 2846 quod
659 2763 771 2846 cuique
795 2763 988 2828 conceditur.
1031 2763 1153 2830 Utrum

145 2853 275 2916 tandem
293 2850 419 2915 beatior
434 2847 468 2914 C.
481 2849 603 2915 Marius
617 2856 695 2933 tum,
714 2871 785 2914 cum
801 2848 980 2916 Cimbricae
995 2852 1153 2918 victoriae

146 2940 281 3023 gloriam
318 2960 389 3003 cum
434 2937 558 3022 collega
594 2935 710 3002 Catulo
747 2939 1007 3023 communicavit,
1047 2961 1153 3022 paene

146 3028 247 3091 altero
279 3025 388 3090 Laelio
421 3022 509 3109 (nam
540 3025 626 3090 huno
657 3025 706 3088 illi
736 3026 815 3090 duco
848 3025 1076 3111 simillimum),
1109 3050 1153 3097 an

146 3133 218 3176 cum
245 3114 332 3177 civili
361 3112 447 3178 bello
475 3113 579 3179 victor
605 3113 708 3176 iratus
739 3113 927 3178 necessariis
960 3112 1068 3178 Catuli
1097 3115 1154 3180 de·

145 3200 350 3281 precantibus
368 3219 435 3265 non
453 3202 552 3264 semel
574 3199 753 3284 respondit,
776 3201 832 3265 sed
855 3222 962 3284 saepe:
993 3199 1154 3267 ‘Moria-

144 3285 245 3349 tur'?
298 3286 337 3350 In
367 3309 430 3370 quo
460 3288 586 3353 beatior
615 3289 684 3370 ille,
717 3288 773 3372 qui
801 3288 876 3353 huic
905 3288 1047 3353 nefariae
1079 3291 1155 3356 voci

168 3374 267 3457 aruit,
295 3396 390 3457 quam
417 3376 458 3459 is,
485 3377 630 3460 quibam
658 3376 811 3440 scelerate
837 3376 1017 3459 imperavit.
1063 3375 1155 3444 Nam

84 3393 217 3634 'lr

253 3462 395 3545 accipere
434 3485 529 3546 quam
561 3463 667 3528 facere
698 3467 844 3547 praestat
878 3463 1043 3546 iniuriam,
1080 3468 1155 3531 tum
