2476 3848
535 175 775 238 -460-

154 334 208 417 qui
227 333 267 397 ad
284 335 484 416 voluptatem
503 355 541 398 ea
559 333 712 413 referunt,
733 354 814 435 quae
833 336 1008 416 sequuntur
1025 333 1060 396 in
1074 333 1163 417 cita,

153 426 199 505 ut,
221 443 418 505 quocumque
436 421 605 489 haecloco
620 422 848 504 suppedrtetur,
866 421 912 484 ibi
925 421 1019 484 beate
1034 426 1163 504 queant

153 511 268 574 vivere.
304 508 417 593 Itaque
436 510 476 574 ad
495 531 620 574 omnem
639 510 797 574 rationem
816 508 931 572 Teucri
950 528 1013 572 vox
1032 529 1162 574 accom-

155 597 279 662 modari
300 602 422 680 potest:

220 720 354 785 Patria
377 724 447 804 est,
469 720 695 804 ubicumque
718 721 776 784 est
798 720 900 785 bene.

155 860 302 927 Socrates
331 861 457 944 quidem
485 883 556 925 cum
583 866 764 945 rogaretur,
793 862 928 925 cuiatem
958 882 992 925 se
1016 882 1088 926 esse
1113 863 1161 927 di·

155 954 253 1031 ceret,
276 947 535 1012 ‘Mundanum’
554 948 672 1032 inquit,
695 950 796 1014 totius
815 949 901 1012 enim
919 949 1030 1013 mundi
1052 972 1088 1014 se
1111 951 1160 1017 ine

155 1037 258 1101 colam
296 1040 329 1100 et
360 1036 462 1099 civem
494 1035 720 1101 arbitrabatur.
774 1036 877 1113 Quid?
932 1037 967 1100 Τ.
997 1037 1160 1103 Albucius

153 1145 261 1188 nonne
290 1123 397 1187 animo
426 1123 619 1206 aequissimo
642 1123 780 1188 Athenis
808 1124 880 1188 exul
905 1124 1158 1209 philosophaba-

154 1211 229 1276 tur?
257 1211 308 1275 cui
334 1215 444 1275 tamen
470 1211 550 1274 illud
578 1212 685 1295 ipsum
711 1235 776 1278 non
799 1211 980 1296 accidisset,
1007 1214 1036 1277 si
1064 1214 1160 1279 inre

104 1313 153 1362 109
176 1299 306 1382 publica
319 1299 483 1383 quiescens
497 1298 631 1382 Epicuri
648 1300 775 1383 legibus
791 1301 963 1383 paruisset.
994 1298 1057 1376 Qui
1072 1302 1159 1367 enim

154 1389 279 1453 beatior
297 1386 468 1471 Epicurus,
490 1387 574 1471 quod
596 1388 631 1452 in
652 1389 759 1471 patria
776 1389 919 1471 vivebat,
941 1410 1047 1472 quam,
1071 1389 1159 1474 quod

155 1476 305 1558 Athenis,
328 1475 552 1539 Metrodorus?
576 1480 631 1540 aut
652 1476 747 1541 Plato
770 1475 983 1540 Xenocratem
1005 1477 1160 1542 vincebat

155 1569 211 1630 aut
240 1563 372 1628 Polemo
404 1562 596 1646 Arcesilam,
626 1586 688 1648 quo
717 1568 801 1628 esset
832 1564 980 1629 beatior?
1035 1563 1158 1640 Quanti

154 1675 229 1717 vero
248 1654 311 1716 ista
333 1652 446 1716 civitas
470 1652 668 1715 aestimanda
690 1656 753 1734 est,
781 1673 819 1715 ex
845 1675 908 1736 qua
930 1652 1008 1717 boni
1032 1654 1160 1736 sapien·

154 1745 266 1824 tesqua
284 1740 468 1822 pelluntur?
500 1738 694 1803 Damaratus
713 1740 848 1824 quidem,
867 1739 1035 1823 Tarquinii
1051 1743 1159 1806 nostri

154 1830 241 1912 regis
263 1831 367 1910 pater,
394 1832 568 1910 tyrannum
591 1825 765 1910 Cypselum
793 1828 878 1911 quod
904 1827 988 1892 ferre
1010 1849 1076 1892 non
1100 1851 1158 1912 po-

154 1919 252 1993 terat,
278 1916 364 1997 fugit
386 1914 577 1999 Tarquinios
602 1912 756 1979 Corintho
781 1920 813 1978 et
840 1916 886 1980 ibi
909 1938 983 1980 suas
1008 1916 1157 1981 fortunas

155 2003 322 2068 constituit
339 2022 376 2065 ac
394 2002 513 2065 liberos
532 2003 720 2084 procreavit.
752 2001 839 2067 Num
860 2004 957 2067 stulte
974 2006 1158 2086 anteposuit

102 2062 154 2188 {³180
176 2090 264 2153 exilii
301 2090 484 2153 libertatem
520 2089 710 2154 domesticae
747 2091 916 2156 servituti?
970 2091 1041 2155 Iam
1079 2114 1155 2158 vero

155 2182 260 2241 motus
284 2177 397 2258 animi,
427 2176 658 2241 sollicitudines
683 2179 962 2263 aegritudinesque
990 2179 1158 2245 oblivione

154 2266 318 2329 leniuntur
344 2265 498 2328 traductis
527 2265 643 2329 animis
673 2266 713 2330 ad
734 2268 942 2349 voluptatem.
986 2264 1062 2332 Non
1086 2270 1158 2333 sine

155 2374 251 2418 causa
273 2354 373 2437 igitur
390 2351 550 2435 Epicurus
569 2375 664 2418 ausus
688 2358 737 2417 est
759 2354 863 2418 dicere
886 2376 1011 2436 semper
1028 2355 1063 2419 in
1086 2357 1156 2439 plu-

153 2441 243 2506 ribus
267 2441 360 2504 bonis
380 2462 449 2504 esse
468 2442 658 2525 sapientem,
681 2443 755 2525 quia
777 2464 903 2525 semper
924 2443 968 2506 sit
990 2442 1025 2507 in
1044 2445 1158 2529 volup.-

153 2529 284 2593 tatibus.
329 2528 379 2592 Ex
398 2549 459 2612 quo
482 2529 566 2593 effici
588 2533 682 2612 putat
703 2530 775 2612 ille,
797 2529 882 2611 quod
905 2530 1099 2614 quaerimus,
1120 2537 1159 2596 ut

103 2639 151 2686 111
175 2617 303 2699 sapiens
341 2638 465 2700 semper
496 2617 608 2681 beatus
646 2619 697 2681 sit.
751 2617 915 2700 Etiamne,
947 2619 975 2682 si
1006 2620 1158 2685 sensibus

153 2705 275 2770 carebit
303 2705 480 2787 oculorum,
508 2705 536 2768 si
559 2704 706 2768 aurium?
750 2704 871 2788 Etiam3
901 2727 977 2769 nam
997 2706 1064 2770 ista
1085 2709 1158 2791 ipsa

154 2792 339 2858 contemnit.
376 2791 519 2855 Primum
542 2793 627 2856 enim
649 2792 816 2857 horribilis
839 2793 903 2858 ista
925 2794 1063 2858 caecitas
1087 2798 1157 2878 qni·

153 2883 213 2946 bus
244 2882 376 2945 tandem
407 2884 495 2944 caret
525 2880 769 2963 voluptatibus?
801 2902 873 2945 cum
900 2881 1029 2965 quidam
1056 2884 1157 2948 etiam

154 2971 318 3052 disputent
336 2971 457 3033 ceteras
475 2969 656 3050 voluptates
674 2969 708 3032 in
728 2969 808 3051 ipsis
826 2969 974 3033 habitare
992 2970 1155 3056 sensibus3

154 3079 234 3141 quae
262 3062 370 3121 autem
397 3059 527 3139 aspectu
554 3057 784 3140 percipiantur,
815 3078 852 3120 ea
878 3079 945 3122 non
972 3059 1093 3122 versari
1122 3060 1159 3125 in

155 3145 318 3209 oculorum
336 3145 403 3209 ulla
421 3144 631 3222 iucunditate,
650 3148 687 3208 ut
705 3167 755 3228 ea,
777 3167 857 3228 quae
876 3150 1051 3229 gustemus,
1075 3146 1159 3212 olfa-

155 3234 287 3315 ciamus,
314 3236 502 3315 tractemus,
530 3233 707 3316 audiamus,
738 3233 773 3296 in
800 3254 837 3296 ea
863 3234 947 3316 ipsa,
974 3233 1030 3297 ubi
1057 3237 1160 3300 senti·

155 3343 239 3403 mus,
266 3323 356 3402 parte
384 3324 558 3384 versentur.
607 3321 645 3385 In
668 3320 767 3386 oculis
794 3321 859 3385 tale
881 3322 927 3385 nil
949 3321 1161 3405 unanimus

156 3409 284 3493 accipit,
312 3428 392 3491 quae
419 3406 570 3472 videmus.
618 3408 737 3474 Animo
769 3413 876 3472 autem
907 3409 1018 3472 multis
1050 3411 1160 3477 modis

155 3498 314 3583 variisque
333 3495 483 3559 delectari
502 3495 592 3580 licet,
611 3497 821 3561 etiamsinon
840 3496 1161 3583 adhibeaturaspcc'-
