2476 3848
465 184 706 250 -331-

91 352 197 418 iustae
216 350 393 416 amicorum
411 350 597 417 voluntates
616 349 814 415 adiuvandae
833 350 907 433 sint,
925 348 960 414 in
979 349 1095 434 quibus

92 462 202 505 eorum
222 442 278 504 aut
297 442 394 524 caput
412 441 530 524 agatur
549 441 605 502 aut
623 438 720 522 fama,
743 437 967 503 declinandum
985 438 1024 502 de
1042 439 1096 504 via

92 529 148 612 sit,
180 528 276 592 modo
307 548 348 590 ne
377 549 503 591 summa
530 525 697 610 turpitudo
726 530 893 610 sequatur,
924 530 975 590 est
1002 526 1096 611 enim,

92 619 250 700 quatenus
274 614 434 679 amicitiae
457 614 528 678 dari
544 615 640 679 venia
657 614 770 698 possit.
806 613 875 679 Nec
891 635 968 679 vero
987 615 1095 699 negle-

92 703 197 789 genda
220 706 271 767 est
291 702 389 784 fama,
410 724 470 766 nec
492 701 651 767 mediocre
673 702 776 765 telum
799 701 840 766 ad
862 723 913 766 res
939 702 1095 787 gerendas

92 791 277 855 existimare
301 793 431 874 oportet
453 789 706 855 benivolentiam
729 789 860 872 civium3
884 812 981 873 quam
1003 790 1096 854 blan-

91 879 180 943 ditiis
203 882 237 943 et
259 877 457 943 adsentando
480 877 635 962 colligere
657 881 751 962 turpe
775 881 839 961 est,
863 878 975 962 virtus,
999 900 1096 961 quam

91 967 237 1050 sequitur
264 966 396 1048 caritas,
422 964 554 1029 minime
576 965 775 1049 repudianda
797 968 855 1030 est.
900 963 963 1029 Sed
985 963 1096 1050 (saepe
1115 983 1148 1032 62

93 1055 178 1119 enim
201 1054 296 1119 redeo
320 1053 360 1117 ad
381 1051 572 1137 Scipionem,
594 1053 684 1118 cuius
708 1053 812 1117 omnis
836 1075 941 1118 sermo
965 1058 1035 1118 erat
1058 1055 1097 1118 de

93 1140 250 1228 amicitia)
275 1141 478 1225 querebatur,
502 1141 587 1224 quod
610 1140 759 1205 omnibus
781 1141 815 1204 in
835 1142 931 1205 rebus
949 1141 1096 1206 homines

93 1229 315 1314 diligentiores
339 1231 460 1312 essent,
489 1250 603 1313 capras
627 1232 660 1293 et
683 1250 759 1294 oves
782 1232 862 1312 quot
885 1230 1020 1312 quisque
1042 1229 1097 1293 ha·

92 1318 197 1400 beret,
225 1317 328 1382 dicere
352 1337 459 1401 posse,
488 1316 608 1380 amicos
632 1319 712 1399 quot
733 1316 884 1400 haberet,
912 1339 977 1380 non
1000 1338 1096 1401 posse

93 1405 206 1488 dicere,
229 1407 263 1468 et
283 1405 319 1468 in
340 1404 406 1469 illis
430 1403 559 1488 quidem
576 1403 729 1486 parandis
751 1403 902 1468 adhibere
921 1425 1040 1487 curam,
1062 1404 1097 1468 in

93 1492 205 1556 amicis
237 1492 394 1577 eligendis
425 1491 628 1576 neglegentis
660 1512 730 1555 osse
761 1512 820 1555 nec
851 1491 970 1554 habere
1005 1491 1098 1574 quasi

93 1580 189 1665 signa
212 1579 369 1662 quaedam
392 1583 425 1643 et
446 1581 551 1661 notas,
574 1579 690 1662 quibus
714 1600 778 1657 eoa,
801 1578 857 1662 qui
878 1579 918 1642 ad
937 1577 1096 1642 amicitias

93 1671 201 1732 essent
223 1667 340 1751 idonei,
361 1666 549 1732 iudicarent.
586 1664 669 1731 Sunt
685 1666 787 1752 igitur
805 1666 890 1730 firmi
910 1669 943 1730 et
962 1665 1096 1730 stabiles

93 1759 126 1820 et
153 1759 339 1820 constantes
368 1755 521 1840 eligendi,
551 1755 640 1819 euius
668 1755 794 1840 generis
822 1758 872 1818 est
899 1774 1018 1840 magna
1043 1775 1097 1838 pe-

91 1842 194 1907 nuria.
239 1842 284 1907 Et
310 1843 451 1908 iudicare
479 1842 609 1907 difficile
637 1847 686 1907 est
718 1864 794 1908 sane
821 1842 885 1905 nisi
917 1845 1096 1926 expertum3

93 1930 321 2015 experiendum
353 1934 462 1995 autem
493 1934 544 1995 est
569 1931 604 1994 in
629 1931 702 2013 ipsa
730 1930 881 1996 amicitia.
926 1929 978 1993 Ita
1004 1951 1097 2014 prae-

93 2019 195 2082 currit
222 2018 367 2083 amicitia
392 2018 546 2082 iudicium
570 2018 723 2101 tollitque
751 2017 933 2102 experiendi
954 2020 1097 2102 potesta·

92 2109 168 2169 tem.
212 2105 274 2170 Est
300 2106 403 2191 igitur
429 2106 596 2191 prudentis
624 2106 782 2170 sustinere
809 2109 846 2170 ut
875 2127 1017 2189 cursum,
1051 2105 1096 2170 sic
1115 2121 1149 2171 63

92 2193 249 2276 impetum
280 2194 533 2277 benivolentiae,
569 2193 593 2275 †
625 2208 688 2277 quo
720 2197 850 2257 utamur
882 2194 975 2277 quasi
1007 2193 1097 2276 equis

93 2280 279 2364 temptatis,
316 2281 361 2346 sic
394 2281 538 2346 amicitia
569 2302 608 2344 ex
640 2280 749 2363 aliqua
780 2285 873 2365 parte
904 2279 1097 2363 periclitatis

93 2369 237 2433 moribus
266 2368 451 2434 amicorum.
496 2367 633 2444 Quidam
661 2389 756 2452 saepe
778 2369 813 2430 in
839 2389 941 2450 parva
962 2368 1098 2451 pecunia

92 2456 331 2540 perspiciuntur
359 2478 457 2540 quam
484 2456 550 2520 sint
577 2456 679 2538 leves,
707 2455 836 2537 quidam
865 2458 988 2536 autem,
1016 2475 1097 2537 quos

92 2566 194 2627 parva
212 2565 341 2607 movere
358 2565 425 2608 non
442 2544 558 2628 potuit,
577 2545 815 2626 cognoscuntur
832 2541 866 2604 in
885 2562 1011 2625 magna.
1040 2538 1098 2603 Sin

93 2634 188 2693 erunt
211 2630 312 2713 aliqui
334 2632 464 2714 reperti,
488 2630 542 2713 qui
565 2629 733 2714 pecuniam
755 2627 917 2713 praeferre
937 2627 1098 2691 amicitiae

93 2716 257 2781 sordidum
280 2717 474 2799 existiment,
497 2717 554 2781 ubi
573 2737 627 2780 eos
645 2716 854 2798 inveniemus,
876 2714 931 2797 qui
949 2713 1097 2796 honores,

92 2805 319 2887 magistratus,
346 2804 495 2888 imperia,
522 2806 714 2888 potestateS,
743 2824 820 2886 opes
849 2800 1010 2866 amicitiae
1031 2822 1097 2865 non

93 2894 306 2974 anteponant,
334 2895 385 2974 ut,
414 2913 487 2956 cum
515 2913 554 2955 ex
581 2891 684 2954 altera
710 2893 804 2974 parte
827 2888 996 2972 proposita
1018 2888 1098 2952 haec

92 2977 172 3059 sint,
200 3000 238 3042 ex
261 2979 364 3043 altera
385 2979 436 3042 ius
461 2978 634 3061 amicitiae,
661 2999 728 3042 non
749 2976 853 3040 multo
876 2975 936 3039 illa
958 2976 1097 3040 malint?

91 3064 249 3130 Inbecilla
281 3066 366 3130 enim
398 3069 448 3129 est
479 3069 597 3130 natura
626 3064 667 3129 ad
694 3063 959 3130 contemnendam
986 3068 1098 3148 poten·

91 3153 186 3238 tiam3
214 3176 311 3237 quam
339 3153 468 3218 etiamsi
494 3153 643 3238 neglecta
671 3151 814 3216 amicitia
836 3151 999 3216 consecuti
1022 3152 1097 3236 sint,

92 3242 300 3306 obscuratum
318 3241 360 3304 iri
379 3240 589 3323 arbitrantur,
608 3241 684 3323 quia
702 3260 767 3304 non
786 3239 854 3304 sine
868 3259 988 3325 magna
1002 3262 1099 3304 causa

92 3328 135 3392 sit
157 3329 308 3414 neglecta
331 3327 482 3392 amicitia.
526 3327 642 3410 Itaque
665 3348 759 3392 verae
787 3327 948 3393 amicitiae
972 3327 1098 3392 difficil-
1117 3342 1152 3403 oo

90 3415 167 3480 lime
186 3416 391 3501 reperiuntur
408 3415 444 3479 in
461 3414 510 3498 iis,
529 3415 585 3498 qui
602 3415 637 3480 in
654 3414 832 3480 honoribus
851 3437 949 3499 reque
966 3415 1100 3499 publica

89 3507 275 3590 versantur,
311 3503 368 3568 ubi
404 3502 490 3567 enim
521 3502 621 3568 istum
654 3503 814 3589 invenias,
850 3503 906 3588 qui
941 3502 1100 3569 honorem
