2476 3848
468 167 707 233 -313-

92 354 233 418 quonam
257 337 353 417 pacto
385 336 523 398 mortem
546 333 693 399 Africani
719 334 819 416 feras,
851 355 952 417 eoque
980 337 1095 421 magis,

93 421 179 505 quod
200 421 355 505 proximis
377 419 481 486 Nonis
504 443 577 485 curn
598 421 633 485 in
654 421 768 486 hortos
787 421 828 486 D.
845 419 941 486 Bruti
963 425 1096 509 auguris

93 509 330 575 commentandi
357 530 466 593 eausa,
493 511 531 573 ul
560 508 700 593 adsolet,
732 509 944 594 venissemus,
971 514 1009 575 tu
1029 533 1096 576 non

94 597 236 681 adfuisti,
259 597 314 680 qui
336 596 583 682 diligentissime
602 617 728 682 semper
746 598 840 661 illum
859 597 943 661 diem
961 602 994 662 ei
1012 599 1095 664 illud

94 707 209 749 munus
233 684 348 749 solitus
371 705 457 748 esses
481 684 580 748 obire.

159 771 322 838 semrom.
363 771 528 847 Quaerunt
559 772 701 856 quidem,
731 769 765 838 O.
786 770 891 857 Laeli,
918 774 1028 859 mulli,
1059 777 1131 839 uiss

80 858 144 925 'esi
168 883 187 925 a
208 858 331 924 Fannio
355 860 485 945 dictum,
508 860 565 924 sed
587 880 647 944 ego
669 859 703 923 id
720 860 907 945 respondeo,
926 863 1012 945 quod
1030 863 1096 927 ani·

94 970 183 1012 mum
207 948 338 1032 adverti,
361 951 394 1012 te
417 949 571 1033 dolorem,
595 969 690 1032 quern
709 948 869 1032 acceperis
887 971 960 1014 cum
979 950 1097 1015 summi

93 1037 170 1119 viri,
195 1040 266 1100 ium
288 1036 487 1101 amicissumi
509 1038 627 1119 morte,
655 1035 740 1100 ferre
769 1036 935 1101 moderate
956 1060 1016 1103 nec
1041 1060 1097 1122 po

94 1125 195 1188 tuisse
217 1145 284 1188 non
306 1123 501 1189 commoveri
522 1145 581 1188 nec
602 1123 703 1188 fuisse
721 1123 754 1187 id
771 1123 984 1190 humanitatis
1007 1129 1097 1209 luae,

95 1212 181 1296 quod
203 1214 312 1276 aulem
333 1210 437 1277 Nonis
460 1211 495 1277 in
521 1211 669 1296 conlegio
695 1215 810 1276 nostro
836 1234 902 1277 non
930 1213 1097 1298 adfuisses,

93 1299 306 1364 valitudinem
324 1299 502 1385 respondeo
525 1321 671 1383 causam,
690 1320 756 1363 non
774 1300 971 1365 maestitiam
988 1302 1097 1366 fuisse.

159 1388 303 1452 Laeuus.
342 1387 441 1453 Recte
463 1391 501 1451 lu
524 1387 661 1470 quidem,
684 1384 847 1469 Scaevola,
870 1390 902 1451 et
924 1409 1012 1472 vere3
1038 1410 1098 1454 nee

95 1475 180 1539 enim
203 1475 243 1539 ab
267 1475 331 1539 isto
355 1475 471 1559 officio,
494 1474 580 1558 quod
603 1494 729 1557 semper
751 1475 921 1558 usurpavi,
948 1497 1021 1540 oum
1044 1498 1097 1540 va-

96 1563 209 1646 lerem,
237 1563 352 1627 abduci
374 1562 577 1627 incommodo
600 1583 672 1626 meo
700 1561 807 1645 debui,
838 1582 897 1627 nec
923 1563 992 1627 ullo
1020 1584 1097 1628 casu

94 1650 237 1715 arbitror
267 1650 329 1715 hoe
356 1650 520 1715 constanti
547 1649 671 1714 homini
701 1669 796 1733 posse
828 1649 1028 1735 contingere,
1059 1655 1097 1715 ui

93 1739 162 1803 ulla
183 1737 381 1803 iniermissio
408 1738 467 1802 fiai
495 1737 601 1802 officii.
646 1736 695 1803 Tu
718 1739 840 1820 autern,
867 1736 983 1820 Fanni,
1011 1739 1132 1822 quode

93 1826 181 1889 mihi·
195 1829 324 1890 lanium
346 1826 449 1889 iribui
471 1825 566 1909 dicis,
590 1828 746 1909 quandum
769 1845 830 1909 ego
847 1846 907 1890 nec
934 1825 1095 1911 adgnosco

92 1935 151 1978 nec
169 1914 315 1998 postulo,
346 1913 426 1976 facis
455 1912 569 1996 amiee;
601 1913 669 1997 sed,
700 1916 737 1977 ut
760 1912 841 1977 mihi
867 1913 1000 1996 videris,
1031 1935 1097 1978 non

93 2005 180 2064 recte
202 2001 325 2066 iudicas
349 2001 387 2064 de
404 2000 540 2084 Oat0n03
563 2004 620 2065 aut
638 2001 723 2066 enirn
740 2023 845 2085 nemo,
864 2002 949 2085 quod
967 2001 1096 2085 quidem

95 2089 199 2172 magis
223 2089 327 2172 eredo,
350 2092 416 2172 aul,
439 2089 467 2152 si
490 2088 669 2173 quisquam,
691 2089 748 2152 ille
771 2090 900 2174 sapiens
922 2089 993 2154 fuir.
1026 2088 1095 2165 Quo

95 2175 200 2258 modo,
221 2179 259 2239 ul
278 2176 343 2240 alia
362 2177 520 2261 omillam,
538 2181 677 2241 moriem
694 2176 756 2240 filii
773 2178 863 2242 iulii!
887 2178 1096 2243 memineram

93 2262 241 2346 Paulum,
263 2263 407 2328 videram
432 2263 563 2348 Galum,
595 2264 651 2328 sed
678 2263 713 2326 hi
742 2264 776 2328 in
802 2265 925 2349 pueris,
953 2265 1035 2331 Cato
1062 2266 1096 2330 in

93 2349 237 2434 perfeeto
261 2353 294 2414 ei
317 2354 462 2435 spectato
485 2351 565 2417 viro.
600 2350 705 2426 Quam
728 2352 769 2415 ob
792 2373 860 2416 rem
883 2375 960 2416 cave
978 2352 1095 2418 Catoni
1116 2371 1148 2420 10

95 2443 273 2523 anteponas
295 2460 336 2502 ne
357 2439 458 2504 isium
481 2439 609 2522 quidem
631 2439 751 2522 ipsum,
779 2461 875 2521 quern
898 2438 1032 2522 Apollo,
1059 2442 1096 2504 ul

94 2527 151 2610 ais,
175 2525 451 2610 sapientissimum
472 2526 639 2609 iudicavil3
661 2525 756 2589 huius
780 2527 866 2589 enim
887 2525 985 2608 facia,
1006 2526 1095 2589 illius

94 2615 179 2680 dieta
201 2614 384 2679 laudaniur.
429 2613 478 2678 De
501 2635 552 2678 mo
575 2617 692 2698 autem,
715 2616 752 2676 ui
774 2612 840 2677 iam
863 2634 935 2678 curn
957 2615 1096 2695 utroque

93 2703 222 2786 loquar,
245 2703 291 2768 sio
313 2702 480 2766 habetote:

159 2790 231 2873 Ego
251 2790 279 2853 si
297 2787 456 2874 Scipionis
476 2789 632 2853 desiderio
646 2810 698 2853 me
714 2788 837 2852 moveri
854 2807 980 2871 negem,
999 2808 1095 2870 quarn
1115 2789 1135 2854 3
1185 2849 1193 2863 ,

93 2876 127 2939 id
149 2880 236 2941 recle
257 2877 384 2960 faciam,
407 2877 547 2942 viderint
570 2876 745 2960 sapientem
768 2874 824 2938 sed
844 2878 931 2939 cerie
949 2874 1095 2940 meniiar.

92 2962 226 3027 Moveor
252 2965 337 3029 enim
359 2965 421 3030 sali
443 2965 546 3030 amico
570 2964 717 3047 orbatus,
744 2962 864 3046 qualis,
886 2965 923 3026 ui
946 2962 1096 3047 arbitror,

92 3072 188 3115 nemo
207 3073 360 3136 umquam
379 3053 449 3137 erit,
472 3056 510 3117 ui
527 3052 717 3117 confirmare
734 3071 876 3135 possum,
894 3071 988 3115 nemo
1010 3054 1096 3117 certe

91 3138 169 3222 fuil3
201 3140 257 3204 sed
287 3163 353 3206 non
385 3163 464 3226 egeo
491 3140 662 3224 medicina,
693 3159 745 3202 me
771 3137 841 3222 ipse
869 3138 1030 3223 consolor,
1063 3144 1096 3205 el

92 3227 232 3293 maxime
254 3229 313 3294 illo
337 3228 471 3312 solacio,
501 3228 587 3311 quod
610 3249 647 3292 eo
666 3248 775 3291 errore
797 3247 905 3311 careo,
932 3249 995 3311 quo
1019 3228 1097 3293 arni·

92 3337 203 3380 corum
227 3317 359 3383 decessu
380 3316 526 3401 plerique
549 3315 626 3400 angi
649 3315 764 3380 solent.
799 3313 893 3380 Nihil
916 3316 995 3380 mali
1017 3317 1097 3382 acei-

92 3403 178 3468 disse
201 3402 344 3490 Scipioni
365 3406 455 3489 pulo,
477 3402 559 3467 mihi
581 3403 705 3487 accidit,
728 3403 757 3468 si
779 3403 857 3489 quid
878 3403 1006 3488 accidit,
1028 3404 1097 3471 suis

91 3495 201 3556 aulem
223 3491 434 3558 incommodis
458 3491 602 3578 graviter
625 3493 703 3579 angi
724 3513 791 3558 non
813 3491 962 3578 amicum,
984 3491 1041 3558 sed
1060 3494 1124 3579 aa!
