2476 3848
560 162 713 227 -480
761 198 799 208 —

173 320 252 385 satis
276 341 434 405 superque
457 319 579 385 dictum
602 323 661 386 est.
706 318 770 385 Sed
793 341 871 385 aveo
895 319 1020 403 audire,
1047 322 1085 384 tu
1109 320 1196 406 ipse,

173 407 279 491 Cotta,
302 409 380 493 quid
399 408 530 473 sentias.
567 408 629 493 An,
652 409 767 493 inquit,
791 408 913 474 oblitus
933 428 976 493 es,
996 408 1074 492 quid
1092 409 1194 479 initio

173 497 317 580 dixerim,
339 497 466 562 facilius
485 519 546 581 me,
569 497 690 562 talibus
709 497 901 581 praesertim
925 495 1090 581 derebus,
1113 499 1195 582 quid

171 607 237 651 non
274 587 441 670 sentirem,
477 608 574 669 quam
606 586 685 669 quid
721 586 888 667 sentirem,
924 605 1020 667 posse
1058 585 1194 653 dicere?

135 672 294 748 3Quodsi
316 674 470 739 haberem
498 673 635 759 aliquid,
663 673 749 758 quod
771 674 922 759 liqueret,
949 672 1061 738 tamen
1084 677 1120 739 te
1146 677 1194 742 vi·

171 763 281 827 cissim
305 762 416 827 audire
439 763 569 847 vellem,
597 784 671 827 cum
698 762 769 846 ipse
797 766 865 826 tam
892 761 997 825 multa
1020 762 1192 831 dixissem

170 849 254 915 Tum
277 851 413 915 Balbus:
441 849 558 915 Geram
580 851 644 915 tibi
666 872 789 916 morem
813 855 847 915 et
874 870 970 935 agam
994 871 1093 933 quam
1119 853 1192 919 bre

171 939 311 1004 vissume
348 943 475 1024 poter03
511 939 630 1004 etenim
668 938 823 1005 convictis
855 937 988 1022 Epicuri
1020 941 1191 1008 erroribus

169 1027 269 1112 longa
292 1026 330 1091 de
353 1049 426 1092 mea
454 1027 672 1111 disputatione
699 1027 845 1092 detracta
873 1027 978 1091 oratio
1002 1031 1062 1092 est
1109 1029 1192 1094 Om-

169 1115 247 1180 nino
271 1114 418 1179 dividunt
439 1116 544 1180 nostri
566 1120 672 1181 totam
695 1117 794 1180 istam
817 1115 856 1180 de
880 1115 928 1179 dis
951 1115 1190 1185 inmortalibus

65 1209 72 1216 '
169 1204 392 1286 quaestionem
415 1204 450 1268 in
472 1206 575 1288 partis
600 1207 763 1289 quattuor.
808 1203 954 1268 Primum
973 1202 1091 1270 docent
1115 1228 1190 1274 esse

170 1290 256 1374 deos,
279 1291 393 1356 deinde
416 1295 527 1377 quales
552 1294 627 1378 sint,
649 1297 718 1357 tum
742 1293 899 1356 mundum
922 1292 964 1356 ab
987 1291 1028 1357 iis
1050 1293 1190 1360 admini-

169 1381 278 1462 strari,
306 1385 471 1464 postremo
499 1382 667 1447 consulere
695 1402 751 1446 eos
778 1381 875 1445 rebus
905 1380 1067 1445 humanis.
1113 1381 1187 1449 Nos

169 1472 279 1533 autem
302 1470 364 1534 hoc
387 1491 545 1554 sermone,
567 1493 649 1554 quae
672 1470 782 1553 priora
805 1468 867 1535 duo
891 1471 976 1548 sunt,
1000 1491 1188 1559 sumamus3

167 1557 300 1622 tertium
324 1561 357 1621 et
385 1562 550 1644 quartum,
578 1560 653 1643 quia
680 1558 806 1622 maiora
829 1561 919 1642 sunt,
946 1560 1027 1641 puto
1055 1580 1127 1623 esse
1151 1560 1187 1625 in

168 1646 257 1710 aliud
278 1650 407 1729 tempus
436 1647 618 1712 differenda.
664 1646 797 1711 Minime
824 1669 915 1731 vero,
942 1647 1048 1729 inquit
1070 1645 1186 1733 (lotta3

166 1755 244 1798 nam
263 1738 296 1799 et
314 1736 410 1800 otiosi
429 1758 540 1801 sumus
560 1740 592 1800 et
610 1735 650 1799 iis
669 1735 824 1800 derebus
844 1735 980 1821 agimus,
1004 1756 1087 1819 quae
1106 1741 1187 1801 sunt

168 1823 268 1887 etiam
291 1825 432 1909 negotiis
457 1825 710 1907 anteponendae.

137 1875 158 1938 2
234 1911 317 1976 Tum
343 1911 499 1976 Lucilius:
532 1911 582 1976 Ne
615 1932 709 1995 egere
737 1910 866 1994 quidem
893 1910 1034 1996 videtur,
1066 1912 1185 1999 inquit,

132 1979 150 2027 4
169 1999 315 2063 oratione
333 2000 440 2082 prima
458 2022 542 2084 pars.
579 1999 661 2075 Quid
680 2000 767 2064 enim
786 2003 895 2083 potest
914 2021 984 2064 esse
1002 2003 1071 2065 tem
1091 2022 1184 2084 aper·

127 2166 129 2171 ¹
167 2090 237 2150 tum
260 2089 390 2170 tamque
409 2088 623 2171 perspicuum,
646 2109 719 2152 cum
738 2088 862 2152 caelum
886 2087 1088 2172 suspeximus
1111 2110 1184 2153 cae-

166 2173 324 2257 lestiaque
352 2175 565 2258 contemplati
592 2198 716 2260 sumus,
746 2199 844 2262 quam
872 2197 942 2241 esse
969 2176 1104 2260 aliquod
1125 2198 1185 2242 nu·

166 2283 238 2326 men
254 2265 553 2345 praestantissimae
568 2265 694 2344 mentis,
714 2287 777 2349 quo
792 2265 873 2329 baec
885 2264 1062 2350 regantur?
1088 2263 1182 2341 Quod

164 2350 200 2502 pp
232 2351 279 2452 ita
312 2356 412 2437 esset,
447 2354 503 2438 qui
535 2353 695 2438 potuisset
727 2353 864 2419 adsensu
900 2353 1045 2418 omnium
1075 2352 1183 2420 dicere

194 2461 303 2505 nnrus:

231 2570 372 2666 Aspice
404 2581 473 2648 hoc
511 2579 674 2647 sublime
712 2581 893 2666 candens,
930 2604 1040 2667 quem
1071 2581 1182 2650 invo-

680 2675 769 2735 cant
793 2673 923 2736 omnes
947 2670 1091 2757 Iovem,

164 2811 257 2874 illum
280 2833 357 2876 vero
381 2814 414 2875 et
432 2811 542 2876 Iovem
566 2816 598 2876 et
622 2811 860 2876 dominatorem
881 2834 990 2878 rerum
1013 2816 1049 2878 et
1071 2815 1182 2880 omnia

164 2902 246 2963 nutu
267 2905 435 2984 regentem
459 2905 504 2984 ct,
527 2904 565 2964 ut
587 2899 672 2964 idem
694 2899 836 2981 Ennius,

331 3026 480 3107 patrem
504 3022 707 3109 divumque
730 3023 1005 3109 hominumque

165 3147 197 3207 et
220 3151 424 3228 praesentem
449 3169 486 3213 ac
509 3151 754 3233 praepotentem
778 3148 895 3214 deum?
932 3148 1027 3226 Quod
1050 3150 1108 3234 qui
1126 3150 1182 3217 du·

163 3230 258 3316 bitot,
285 3233 372 3300 baud
395 3258 473 3301 sane
496 3237 666 3322 intellego,
695 3258 752 3302 cur
772 3259 839 3302 non
865 3237 965 3323 idem,
992 3238 1043 3304 sol
1070 3239 1183 3307 sitan

127 3319 271 3384 enullus
306 3323 362 3405 sit,
394 3324 543 3389 dubitare
575 3326 689 3409 possit.
739 3323 802 3401 Qui
830 3327 918 3391 enim
949 3330 1000 3391 est
1025 3326 1090 3394 boo
1120 3328 1182 3396 illo

162 3407 364 3475 evidentius?
423 3412 516 3488 Quod
552 3414 616 3478 nisi
656 3414 823 3500 cognitum
860 3413 1183 3503 conprehensumque

67 3402 278 3630 'animis
310 3499 518 3589 haberemus,
550 3523 618 3568 non
650 3506 720 3570 tam
751 3502 878 3569 stabilis
911 3503 1020 3588 opinio
1052 3527 1184 3591 perma-
