2476 3848
542 215 584 224 -
630 177 781 240 460-

161 337 216 421 qui
234 337 273 400 ad
292 338 491 420 voluptatem
510 359 548 400 ea
566 336 719 416 referunt,
740 357 821 420 quac
840 337 1014 418 sequuntur
1031 335 1067 398 in
1087 336 1167 419 uita,

160 430 205 508 ut,
228 446 425 509 quocumque
443 424 612 492 baccloco
627 424 855 507 suppeditetur,
873 423 920 487 ibi
932 422 1026 487 beate
1041 429 1168 507 queant

160 515 275 578 vivere.
310 512 424 597 Itaque
443 513 483 576 ad
502 534 627 577 omnem
645 513 804 577 rationem
823 511 938 575 Teucri
957 532 1020 576 vor
1038 532 1166 576 accom-

161 601 286 665 modari
307 605 428 684 potest:

227 724 360 787 Patria
383 727 454 807 est,
476 723 702 805 ubicumque
726 724 783 786 e'st
805 722 907 787 bene.

163 864 309 930 Socrates
338 863 465 946 quidam
492 885 564 927 cum
591 868 772 946 rogaretur,
799 863 936 927 cuiatem
966 884 1000 927 sc
1023 886 1095 928 esse
1119 864 1167 929 di·

162 956 260 1034 ceret,
283 950 542 1015 ‘Mundanum'
561 951 679 1034 inquit,
702 952 804 1016 totius
823 952 908 1014 enim
927 951 1037 1015 mundi
1059 974 1094 1017 se
1118 953 1166 1018 ine

162 1039 265 1103 colam
304 1042 336 1102 et
367 1039 469 1102 civem
501 1037 727 1104 arbitrabatur.
782 1038 885 1114 Quid?
940 1039 975 1103 Τ.
1005 1039 1166 1105 Albucius

161 1147 268 1190 nonne
297 1126 404 1191 animo
434 1127 627 1209 aequissimo
649 1126 787 1191 Athenis
816 1127 888 1190 exul
912 1126 1164 1210 philosophaba-

161 1214 236 1279 tur?
263 1215 314 1278 cui
341 1217 451 1278 tamen
478 1215 558 1278 illud
585 1215 692 1298 ipsum
719 1237 784 1280 non
807 1215 988 1299 accidisset,
1014 1216 1043 1279 si
1071 1217 1167 1281 inre

111 1317 160 1366 109
183 1303 313 1386 publica
326 1302 491 1386 quiescens
504 1301 638 1385 Epicuri
656 1303 782 1386 legibus
800 1303 970 1385 paruisset.
1002 1302 1064 1377 Qui
1079 1305 1166 1369 enim

161 1391 286 1456 beatior
304 1390 475 1474 Epicurus,
498 1392 582 1475 quod
604 1392 638 1455 in
660 1392 766 1473 patria
784 1391 926 1475 vivebat,
949 1413 1055 1475 quam,
1078 1391 1165 1476 quod

161 1479 312 1561 Athenis,
335 1478 559 1543 Metrodorus?
583 1482 639 1544 aut
660 1479 754 1543 Plato
778 1478 991 1543 Xenocratem
1013 1479 1166 1545 vincebat

162 1571 218 1632 aut
247 1566 379 1631 Polemo
410 1566 603 1650 Arcesilam,
633 1589 695 1650 quo
724 1571 809 1631 esset
839 1567 988 1631 beatior?
1043 1567 1165 1642 Quanti

162 1677 237 1720 vcro
255 1656 318 1719 ista
340 1655 454 1718 civitas
478 1654 676 1718 aestimanda
698 1659 761 1738 est,
789 1677 827 1718 ex
853 1677 916 1739 qua
938 1655 1015 1720 boni
1040 1657 1166 1738 sapien·

161 1747 273 1826 tesqua
291 1743 476 1825 pelluntur?
507 1741 702 1807 Damaratus
721 1742 856 1826 quidem,
875 1742 1042 1826 Tarquinii
1058 1745 1165 1808 nostri

161 1833 248 1915 regis
271 1834 374 1912 pater,
401 1835 575 1912 tyrannum
598 1828 772 1913 Cypselum
801 1831 885 1913 quod
912 1830 995 1894 ferre
1017 1852 1083 1895 non
1108 1853 1165 1914 po·

162 1922 259 1995 terat,
286 1918 372 2000 fugit
394 1917 584 2000 Tarquinios
609 1915 764 1982 Corintho
788 1922 821 1980 et
847 1918 894 1983 ibi
917 1941 990 1982 suas
1015 1918 1164 1983 fortunas

162 2005 329 2071 constituit
347 2026 384 2067 ac
401 2004 520 2068 liberos
539 2006 727 2086 procreavit.
759 2003 847 2069 Num
867 2006 965 2069 stulte
982 2009 1165 2089 anteposuit

110 2065 161 2191 3318,
184 2092 272 2156 exilii
308 2092 492 2156 libertatem
528 2092 717 2156 domesticae
754 2094 923 2157 servituti?
978 2092 1049 2157 lam
1086 2117 1163 2160 vero

162 2184 268 2243 motus
292 2179 404 2262 animi,
435 2179 665 2244 sollicitudines
691 2181 970 2265 aegritudinesque
998 2181 1164 2247 oblivione

162 2268 325 2330 leniuntur
351 2267 506 2331 traductis
534 2269 650 2333 animis
680 2269 720 2333 ad
742 2270 950 2351 voluptatem.
994 2267 1071 2333 Non
1093 2271 1164 2335 sinc

163 2377 259 2420 causa
280 2355 381 2438 igitur
398 2354 557 2438 Epicurus
577 2378 671 2421 ausus
695 2361 744 2420 est
767 2356 870 2421 dicere
894 2378 1019 2438 semper
1036 2357 1071 2420 in
1093 2359 1163 2440 plu·

161 2443 251 2512 ribus
275 2443 368 2507 bonis
388 2465 457 2507 esse
476 2445 665 2528 sapientem,
688 2446 762 2528 quia
785 2466 911 2526 semper
932 2445 976 2508 sit
998 2445 1033 2509 in
1053 2445 1164 2529 volup.-

161 2531 292 2595 tatibus.
337 2530 386 2594 Ex
405 2551 467 2615 quo
489 2532 573 2595 effici
595 2535 690 2615 putat
711 2532 782 2614 ille,
805 2532 890 2614 quod
913 2533 1106 2615 quaerimus,
1128 2537 1165 2597 ut

110 2641 159 2689 111
183 2620 310 2702 sapiens
348 2641 473 2702 semper
504 2619 616 2683 beatus
653 2621 704 2683 sit.
759 2620 923 2703 Etiamne,
955 2621 983 2684 si
1014 2620 1164 2685 sensibus

161 2707 283 2772 carebit
310 2708 488 2790 oculorum,
516 2708 543 2770 si
567 2707 713 2771 aurium?
759 2706 879 2790 Etiam3
908 2729 984 2771 nam
1005 2708 1071 2772 ista
1092 2708 1165 2792 ipsa

162 2795 347 2861 contemnit.
383 2794 527 2858 Primum
550 2796 634 2858 enim
657 2795 824 2860 horribilis
846 2796 910 2858 ista
933 2795 1070 2860 caecitas
1094 2797 1164 2880 qui·

160 2884 220 2948 bus
252 2883 384 2947 tandem
415 2887 502 2946 caret
533 2882 777 2966 voluptatibus?
809 2905 881 2947 cum
908 2883 1036 2967 quidam
1064 2885 1163 2949 etiam

161 2972 326 3054 disputent
344 2975 464 3034 ceteras
484 2972 664 3052 voluptates
682 2972 717 3035 in
736 2971 816 3053 ipsis
834 2970 981 3035 babitare
1000 2972 1161 3057 sensibus3

162 3061 866 3230 stalla,alllllalscitdlsssat
883 3080 1166 3231 {lieddffail

163 3235 295 3317 ciamus,
322 3236 510 3317 tractemus,
538 3234 715 3318 audiamus,
746 3235 781 3298 in
807 3256 845 3298 ea
871 3235 955 3317 ipsa,
982 3234 1038 3298 ubi
1065 3237 1166 3301 senti·

163 3343 246 3404 mus,
273 3324 364 3404 parte
391 3327 565 3386 versentur.
614 3323 653 3386 In
676 3322 775 3387 oculis
802 3323 867 3387 tale
888 3322 936 3386 nil
957 3323 1007 3404 fit,
1021 3324 1167 3389 animus

162 3410 293 3493 accipit,
320 3429 400 3493 quae
426 3409 578 3474 videmus.
626 3410 744 3476 Animo
776 3414 884 3474 autem
915 3410 1026 3475 multis
1058 3412 1166 3478 modis

92 3426 140 3629 ἢ
161 3501 322 3584 variisque
341 3497 491 3561 delectari
510 3498 600 3582 licet,
619 3498 829 3563 etiamsinon
848 3497 1167 3583 adhibeaturaspec·
