2476 3848
527 184 768 249 ...200-

95 358 132 407 34
150 341 355 406 arbitramur.
400 338 526 404 Harum
553 337 655 423 igitur
682 338 819 403 duarum
846 338 888 402 ad
913 338 1011 401 fidem
1039 337 1158 404 facien·

150 429 225 493 dam
242 428 369 493 iustitia
386 426 462 512 plus
480 425 591 511 pollet,
610 425 728 510 quippe
747 448 821 491 eum
838 446 877 490 ea
895 425 964 489 sine
983 425 1158 510 prudentia

150 516 231 580 satis
253 516 374 580 habeat
397 513 616 598 auctoritatis,
638 513 810 598 prudentia
833 514 901 577 sine
924 513 1052 577 iustitia
1072 514 1158 578 nihil

149 602 238 668 valet
264 603 305 669 ad
332 602 511 668 faciendam
537 602 643 667 fidem.
688 600 758 676 Quo
786 601 871 665 enim
899 601 971 684 quis
994 601 1159 666 versutior

150 695 183 755 et
215 691 375 772 callidior,
406 690 469 754 hoo
499 689 635 754 invisior
665 692 698 752 et
725 689 904 772 suspeetior
932 691 982 752 est
1010 689 1158 754 detracta

149 778 300 864 opinione
313 777 496 863 probitatis.
520 776 624 852 Quam
638 776 680 840 ob
694 798 764 840 rem
776 776 1019 862 intellegentiae
1028 776 1158 841 iustitia

150 867 328 948 coniuncta,
352 869 509 949 quantum
531 865 629 947 volet,
651 864 785 928 habebit
803 865 844 928 ad
860 864 1041 929 faciendam
1059 864 1158 929 fidem

149 954 281 1036 uirium,
307 952 435 1017 iustitia
462 953 532 1016 sine
559 952 731 1037 prudentia
757 953 897 1016 multum
923 952 1058 1035 poterit,
1086 953 1157 1016 sine

99 1099 141 1164 10
150 1041 278 1104 iustitia
299 1040 382 1103 nihil
405 1039 528 1140 ualehit
552 1040 731 1140 prudentia.
938 1127 944 1139 .

97 1176 133 1225 35
149 1126 517 1301 philhddphdsqlddhssddt
527 1127 812 1299 admrhrdddd'idldd'
830 1130 1158 1299 811119111111111111113

152 1303 208 1387 sit,
236 1304 291 1386 qui
314 1325 411 1367 unam
433 1303 582 1386 haberet,
610 1324 721 1367 omnes
743 1302 863 1366 habere
892 1301 1044 1386 virtutes,
1070 1324 1158 1368 nuno

150 1391 198 1455 ita
221 1391 403 1476 seiungam,
431 1391 524 1475 quasi
550 1390 656 1476 possit
683 1390 867 1474 quisquam,
895 1389 950 1473 qui
977 1411 1043 1454 non
1070 1390 1157 1455 idem

150 1478 290 1563 prudens
310 1479 362 1562 sit,
384 1479 490 1543 iustus
508 1501 587 1563 esse,
610 1478 676 1544 alia
695 1481 744 1541 est
761 1478 829 1561 illa,
852 1499 925 1541 eum
942 1478 1064 1542 veritas
1082 1478 1157 1563 ipsa

150 1567 284 1632 limatur
305 1565 341 1631 in
363 1567 595 1651 disputatione,
618 1565 798 1647 subtilitas,
823 1564 901 1648 alia,
929 1587 1002 1629 oum
1024 1565 1066 1629 ad
1089 1566 1156 1650 opi-

149 1655 281 1719 nionem
299 1676 501 1719 communem
515 1655 620 1719 omnis
634 1652 895 1718 accommodatur
909 1653 1023 1717 oratio.
1051 1651 1155 1727 Quam

151 1743 193 1807 ob
211 1764 289 1825 rem,
311 1745 349 1805 ut
366 1742 492 1826 volgus,
510 1743 558 1806 ita
574 1763 634 1805 nos
652 1742 714 1805 hoo
732 1742 803 1805 loeo
822 1740 995 1824 loquimur,
1016 1743 1054 1805 ut
1072 1740 1155 1805 alios

149 1829 261 1912 fortes,
280 1829 363 1893 alios
379 1829 467 1893 viros
485 1829 597 1906 bonos,
616 1828 698 1892 alios
716 1828 890 1913 prudentes
909 1849 980 1892 esse
999 1829 1156 1911 dieamus3

149 1917 360 2001 popularibus
384 1916 469 1979 enim
490 1915 598 1980 verbis
622 1919 671 1978 est
690 1916 850 1999 agendum
868 1919 901 1980 et
918 1916 1059 2000 usitatis,
1082 1938 1155 1980 eum

150 2004 313 2086 loquimur
345 2003 384 2066 de
411 2002 561 2086 opinione
592 2003 755 2087 populari,
786 2003 882 2088 idque
914 2004 1026 2068 eodem
1058 2005 1155 2069 modo

97 2107 132 2157 86
150 2089 228 2154 fecit
245 2089 429 2154 Panaetius.
466 2087 529 2153 Sed
552 2089 592 2153 ad
609 2091 813 2175 propositum
831 2095 1040 2156 revertamur.
1073 2091 1157 2156 Erat

150 2177 252 2262 igitur
274 2199 313 2240 er
335 2177 376 2241 iis
398 2176 514 2261 tribus,
536 2199 620 2260 quae
638 2178 680 2241 ad
703 2179 842 2262 gloriam
864 2179 1072 2263 pertinerent,
1094 2180 1157 2245 hoe

151 2265 297 2348 tertium,
324 2268 361 2328 ut
384 2287 456 2329 oum
479 2264 692 2330 admiratione
714 2266 882 2330 hominum
904 2266 1027 2331 honore
1050 2267 1155 2331 abiis

151 2352 242 2438 digni
263 2352 485 2417 iudicaremur.
520 2352 733 2417 Admirantur
750 2353 852 2439 igitur
873 2354 1086 2418 communiter
1103 2354 1155 2418 illi

152 2441 280 2524 quidem
299 2441 416 2524 omnia,
435 2462 517 2524 quae
535 2462 655 2525 magna
673 2444 705 2505 et
721 2444 849 2525 praeter
864 2441 1048 2525 opinionem
1063 2463 1155 2505 suam

151 2529 456 2611 animadverterunt,
479 2529 655 2613 separatim
678 2533 795 2613 autem,
816 2528 852 2592 in
874 2529 1013 2615 singulis
1036 2529 1064 2592 si
1084 2551 1156 2613 per-

151 2616 291 2700 spiciunt
312 2616 506 2700 necopinata
528 2616 686 2700 quaedam
707 2617 802 2681 bona.
841 2616 957 2698 Itaque
984 2637 1039 2680 eos
1065 2616 1155 2680 viros

150 2704 331 2789 suspiciunt
357 2704 580 2787 maxumisque
607 2703 751 2769 ecferunt
777 2703 941 2787 laudibus,
972 2703 1008 2767 in
1037 2703 1155 2787 quibus

151 2792 349 2856 existumant
372 2813 406 2856 se
430 2792 623 2856 excellentes
647 2791 802 2874 quasdam
825 2795 858 2854 et
881 2791 1062 2876 singulares
1085 2813 1156 2876 per·

151 2880 273 2964 spicere
295 2880 443 2963 virtutes,
467 2879 646 2962 despiciunt
669 2881 777 2942 autem
800 2900 854 2943 eos
878 2881 912 2943 et
934 2883 1155 2963 contemnunt,

150 2967 185 3029 in
208 2968 324 3048 quibus
347 2967 430 3030 nihil
451 2966 598 3049 virtutis,
624 2967 708 3030 nihil
736 2965 849 3050 animi,
875 2966 959 3031 nihil
981 2988 1156 3032 nervorum

150 3056 277 3136 putant.
315 3052 392 3117 Non
415 3054 499 3117 enim
523 3075 633 3119 omnes
656 3076 711 3120 eos
735 3058 953 3139 contemnunt,
976 3055 1015 3119 de
1038 3055 1155 3138 quibus

151 3140 236 3203 male
268 3141 473 3205 existumant.
527 3140 614 3206 Nam
645 3165 726 3226 quos
758 3143 939 3228 improbos,
971 3142 1155 3221 maledioos,

150 3227 373 3292 fraudulentos
397 3231 514 3313 putant
533 3232 566 3293 et
589 3231 630 3294 ad
644 3230 825 3296 faciendam
842 3231 995 3295 iniuriam
1017 3231 1155 3295 instruo-

150 3318 216 3398 tos,
243 3336 297 3379 eos
325 3315 413 3380 haud
440 3319 649 3382 contemnunt
677 3319 818 3402 quidem,
852 3318 909 3382 sed
936 3319 974 3383 de
1001 3319 1042 3384 iis
1070 3318 1155 3383 male

142 3403 356 3468 existumant.
401 3401 506 3477 Quam
528 3405 570 3469 ob
592 3427 671 3484 rem,
692 3408 730 3470 ut
753 3409 827 3470 ante
851 3405 926 3488 dixi,
948 3410 1157 3470 contemnun-

71 3450 205 3631 Ὓυι
226 3491 260 3578 ii,
283 3490 339 3575 qui
362 3489 445 3557 ‘neo
467 3492 545 3556 sibi
566 3512 634 3557 nee
657 3492 799 3578 alteri',
820 3495 860 3557 ut
882 3492 1009 3577 dieitur,
1030 3493 1066 3555 in
1088 3493 1157 3577 qui-

111 3595 119 3632 l
