2476 3848
521 176 761 239 -412-

136 343 193 404 aut
211 339 266 421 qui
284 336 488 402 tolerabilius
506 337 589 401 feret
606 334 859 420 incommodum,
882 338 938 421 qui
957 339 1150 422 cognoverit
1191 388 1195 393 -

136 447 266 491 necesse
284 446 354 489 esse
376 423 501 489 homini
522 423 589 488 tale
608 423 730 506 aliquid
748 424 914 488 accidere?
950 423 1041 490 Haec
1059 427 1149 491 eninr

138 516 241 581 oratio
276 513 315 577 de
347 513 418 597 ipsa
451 532 576 575 summa
608 511 687 575 mali
716 511 799 576 nihil
830 511 986 596 detrahit,
1017 517 1149 578 tantum

138 602 232 667 modo
265 601 383 684 adfert,
413 600 496 664 nihil
529 599 689 683 evenisse,
724 599 810 683 quod
846 621 911 664 non
948 602 1149 685 opinandum

136 690 260 755 ferisset.
309 687 421 773 Neque
449 691 559 751 tamen
590 706 692 770 genus
723 687 757 751 id
785 689 940 753 orationis
972 690 1008 754 in
1035 711 1149 756 conso·

136 778 233 843 lando
261 799 326 841 non
354 776 455 858 valet,
489 774 545 838 sed
578 773 612 838 id
638 774 723 840 haud
755 776 857 840 sciam
890 799 932 842 an
962 778 1150 860 plurimum.

137 865 226 949 Ergo
262 865 326 928 ista
356 863 548 944 necopinata
578 883 645 927 non
678 861 801 927 habent
837 867 963 928 tantam
996 866 1075 948 vim,
1112 871 1150 930 ut

138 951 305 1036 aegritudo
330 972 369 1014 ex
391 950 432 1014 iis
456 949 561 1014 omnis
585 949 722 1032 oriatur3
749 950 870 1014 feriunt
892 952 977 1015 enirn
1006 953 1150 1019 fortasse

138 1040 283 1125 gravius,
304 1059 369 1102 non
386 1037 420 1102 id
439 1037 596 1120 efficiunt,
614 1040 652 1102 ut
669 1059 720 1121 ea,
741 1059 822 1122 quae
842 1038 999 1122 accidant,
1021 1042 1167 1113 maiora,

137 1127 320 1208 rideantur3
348 1126 424 1210 quia
450 1125 593 1189 recentia
619 1128 708 1209 sunt,
735 1125 860 1190 maiora
886 1127 1048 1211 videntur,
1080 1151 1150 1194 non

84 1238 119 1289 ue
138 1216 214 1300 quia
232 1213 409 1297 repentina.
443 1211 571 1296 Duplex
590 1215 640 1278 est
657 1213 758 1297 igitur
774 1213 861 1278 ratio
881 1215 948 1278 veri
965 1217 1150 1299 reperiendi

137 1325 204 1368 non
226 1302 260 1365 in
283 1302 324 1365 iis
348 1302 465 1383 solum,
492 1322 573 1384 quae
596 1300 696 1383 mala,
724 1300 779 1365 sed
801 1301 836 1365 in
858 1301 899 1365 iis
923 1302 1037 1387 etiam,
1064 1326 1150 1388 quae

137 1394 225 1457 bona
247 1389 402 1454 ridentur.
452 1386 537 1452 Nam
561 1391 618 1451 aut
643 1389 745 1471 ipsius
768 1388 816 1453 rei
838 1392 956 1453 natura
986 1392 1092 1474 qualis
1116 1396 1151 1457 et

138 1482 259 1563 quanta
292 1477 347 1560 sit,
380 1476 577 1561 quaerimus,
609 1479 645 1539 ut
676 1476 715 1540 de
742 1480 934 1558 paupertate
962 1500 1027 1543 non
1055 1501 1150 1543 num·

139 1589 248 1651 quam,
272 1566 360 1630 ouius
380 1585 460 1628 onus
479 1563 672 1646 disputando
691 1564 836 1628 levamus
863 1564 1028 1648 docentes,
1051 1588 1150 1650 quam

137 1676 238 1738 parva
257 1656 290 1717 et
311 1674 409 1737 quam
430 1670 534 1734 pauca
552 1651 630 1734 sint,
653 1672 736 1735 quae
758 1655 876 1715 natura
899 1652 1068 1737 desideret,
1091 1661 1151 1721 aut

138 1764 159 1807 a
190 1741 376 1825 disputandi
408 1737 591 1803 subtilitate
623 1739 804 1804 orationem
836 1739 877 1803 ad
907 1742 1055 1825 exempla
1083 1747 1150 1808 tra·

138 1830 293 1895 ducimus.
337 1827 400 1892 Hic
420 1822 570 1890 Socrates
594 1830 876 1910 commemoratur,
899 1828 952 1892 hic
974 1827 1150 1915 Diogenes,

138 1918 191 1983 hic
215 1914 436 1981 Caecilianum
460 1914 555 1977 illud:
1060 1945 1062 1948 >

205 2038 324 2120 Sae'pe
356 2040 415 2099 est
447 2036 562 2099 etiam
595 2036 663 2100 srib
696 2037 862 2120 palliolo
895 2041 1051 2192 sdqditdo
1089 2064 1150 2107 sa-

900 2150 939 2210 p1
967 2151 989 2193 n
1013 2152 1059 2193 ra.

139 2266 220 2334 Oum
239 2265 325 2331 enim
348 2265 548 2348 paupertatis
567 2286 632 2328 una
649 2265 822 2350 eademque
842 2268 886 2332 sit
909 2269 971 2351 vis,
994 2270 1150 2352 quidnam

138 2356 201 2422 dici
227 2355 349 2438 potest,
376 2375 473 2436 quarn
501 2353 541 2417 ob
569 2373 638 2416 rem
666 2350 699 2417 O.
723 2352 873 2419 Fabricio
902 2356 1083 2422 tolerabilis
1110 2380 1151 2423 ea

86 2443 250 2523 tefuerit,
274 2440 332 2505 alii
353 2444 475 2524 negent
497 2461 531 2504 se
553 2440 637 2504 ferra
659 2441 777 2523 posse?
822 2440 907 2506 Huic
929 2444 1030 2526 igitur
1054 2446 1152 2509 alteri

139 2531 248 2615 generi
272 2528 385 2593 similis
410 2532 459 2592 est
481 2550 518 2592 ea
540 2528 623 2591 ratio
645 2528 849 2612 consolandi,
872 2552 951 2612 quae
974 2531 1069 2595 docet
1092 2531 1152 2597 hu·

140 2640 236 2683 mana
258 2637 342 2699 esse,
365 2637 447 2699 quae
470 2615 652 2680 acciderint.
687 2615 763 2682 Non
782 2617 869 2681 enim
891 2617 924 2680 id
947 2619 1050 2682 solum
1073 2640 1153 2685 con-

139 2707 221 2770 tinet
253 2727 291 2769 ea
322 2704 514 2786 disputatio,
546 2706 583 2768 ut
614 2703 832 2786 cognitionem
865 2703 991 2769 adferat
1021 2709 1152 2791 generis

139 2793 283 2874 humani,
302 2791 357 2858 sed
380 2791 541 2875 significat
562 2789 748 2856 tolerabilia
765 2813 844 2873 esse,
863 2814 946 2875 quae
966 2795 1156 2860 attulerint

87 2885 174 2952 ‘Met
190 2880 298 2944 ferant
314 2879 423 2942 ceteri.
458 2876 507 2942 De
525 2881 717 2961 paupertate
736 2880 854 2963 agitur,
875 2880 969 2943 multi
987 2882 1154 2964 patientes

139 2988 299 3052 pauperes
336 2967 640 3048 commemorantum
678 2966 717 3030 de
749 2967 983 3032 contemnendo
1019 2968 1154 3054 honore,

140 3055 234 3119 multi
261 3053 448 3118 inhonorati
474 3054 696 3137 proferuntur,
730 3058 763 3118 et
794 3054 922 3138 quidem
954 3059 1087 3139 propter
1117 3059 1153 3123 id

140 3143 247 3224 ipsum
273 3141 448 3223 beatiores,
481 3162 667 3224 eorumque,
697 3142 752 3225 qui
779 3143 942 3225 privatum
971 3144 1074 3208 otium
1097 3167 1162 3210 ne··

141 3229 240 3313 gotiis
263 3229 400 3311 publicis
425 3229 656 3311 antetulerunt,
682 3229 875 3293 nominatim
898 3231 965 3295 vita
993 3231 1156 3318 laudatur,

140 3338 199 3381 nec
227 3315 339 3380 siletur
367 3315 448 3380 illud
478 3315 696 3398 potentissimi
727 3317 812 3401 regis
842 3322 1067 3403 anapaestum,
1097 3323 1156 3404 qui

141 3403 253 3470 laudat
272 3424 381 3468 senem
403 3406 436 3467 et
458 3402 660 3467 fortunatum
679 3424 749 3468 esse
771 3404 863 3488 dicit,
885 3405 970 3489 quod
993 3406 1156 3489 inglorius

138 3493 185 3558 sit
216 3494 312 3577 atque
344 3490 498 3575 ignobilis
527 3489 567 3555 ad
594 3512 779 3574 supremum
811 3491 896 3555 diem
928 3499 1157 3574 perventurus.
