2476 3848
469 182 707 247 -299-

87 358 279 422 responsum
311 340 375 415 est,
411 358 484 401 oum
514 337 566 401 illi
597 337 776 422 quaerenti,
808 359 872 420 qua
898 333 1031 405 tandem
1057 360 1092 404 re

87 425 191 490 fretus
215 424 278 488 sibi
300 428 370 487 tam
392 424 556 489 audaciter
578 425 765 508 obsisteret,
790 426 994 510 respondisse
1018 426 1092 492 dici·

87 517 156 576 tur:
180 509 419 577 ‘Senectute'
451 510 515 576 Sed
536 512 665 578 vivendi
687 515 738 577 est
755 512 829 577 finis
848 514 1000 598 optimus,
1019 536 1092 579 cum

87 600 217 684 integra
231 603 338 664 mente
351 599 511 683 certisque
525 600 672 665 sensibus
687 621 767 684 opus
781 600 854 684 ipsa
867 623 960 665 suum
971 602 1092 685 eadem,

87 709 170 770 quae
193 687 446 771 coagmentavit,
477 690 595 752 natura
621 687 780 752 dissolvit.
803 686 871 768 ,Ue
896 710 1027 773 navem,
1054 693 1092 752 ut

88 775 268 840 aedificium
289 775 375 838 idem
398 775 536 840 destruit
556 775 724 858 facillim0,
748 775 804 859 qui
825 776 1019 858 construxit,
1046 776 1092 841 sic

86 862 253 927 hominem
279 862 391 927 eadem
419 863 554 947 optime,
585 884 667 945 quae
695 863 945 947 conglutinavit,
974 867 1092 928 natura

88 949 247 1014 dissolvit.
290 949 360 1013 Iam
384 949 489 1013 omnis
512 950 748 1035 conglutinatio
771 972 882 1016 recens
906 972 1016 1037 aegre,
1045 951 1091 1015 in·

87 1040 235 1103 veterata
251 1036 347 1102 facile
370 1037 542 1102 divellitur.
578 1037 631 1102 Ita
652 1039 704 1122 fit,
726 1042 764 1102 ut
785 1038 867 1103 illud
889 1039 986 1104 breve
1004 1039 1091 1105 vitae

87 1125 248 1208 reliquum
270 1147 329 1190 nec
347 1125 439 1189 avide
457 1125 673 1209 adpetendum
691 1126 821 1190 senibus
839 1148 898 1192 nec
912 1127 980 1192 sine
995 1148 1092 1192 causa

88 1214 298 1277 deserendum
330 1212 386 1294 sit3
421 1215 573 1296 vetatque
601 1212 807 1297 Pythagoras
838 1213 962 1279 iniussu
993 1215 1091 1299 impe·
1110 1222 1143 1272 ‘1³

87 1300 220 1384 ratoriS,
236 1301 282 1363 'id
305 1303 355 1363 est
378 1299 441 1383 dei,
463 1300 502 1363 de
524 1301 686 1384 praesidio
710 1305 743 1364 et
766 1300 906 1366 statione
929 1303 1016 1367 vitae
1041 1303 1092 1367 de

88 1387 208 1453 cedere.
244 1385 372 1452 Solonis
396 1387 524 1470 quidem
547 1387 703 1472 sapientis
726 1391 776 1452 est
798 1389 950 1473 elogium,
974 1411 1037 1471 quo
1057 1410 1091 1453 se

86 1479 187 1560 negat
209 1477 293 1540 velle
316 1497 408 1539 suam
431 1478 570 1539 mortem
593 1475 704 1539 dolore
725 1475 901 1540 amicorum
920 1479 952 1539 et
970 1477 1091 1541 lamen·

86 1564 131 1627 tis
149 1585 272 1628 vacare.
303 1561 392 1645 Volt,
414 1563 518 1645 credo,
540 1583 575 1626 se
598 1583 668 1626 esse
690 1584 800 1627 carum
824 1563 904 1646 suis,
927 1563 982 1627 sed
1005 1563 1092 1628 haud

88 1651 155 1716 scio
179 1673 221 1714 an
243 1650 358 1714 melius
381 1649 519 1714 Ennius:

131 1737 251 1802 Nemo
284 1759 340 1802 me
371 1737 553 1802 lacrumis
586 1736 739 1802 decoret
770 1758 891 1888 necplre
922 1737 1060 1802 funera

867 1827 932 1888 etu

219 1913 341 1978 Ferit.

87 2000 164 2066 Non
186 2004 294 2065 censet
312 1999 486 2085 lugendam
500 2021 570 2064 esse
584 2003 732 2082 mortem,
755 2022 853 2083 quam
870 1999 1090 2065 inmortalitas

88 2092 311 2172 consequatur.
341 2087 413 2152 Iam
436 2109 548 2152 sensus
571 2088 729 2152 moriendi
752 2088 869 2172 aliquis
889 2098 959 2153 esse
972 2092 1091 2172 potest,
1110 2094 1143 2145 '1⁴

86 2176 178 2260 isque
202 2176 243 2240 ad
266 2175 417 2261 exiguum
439 2180 576 2260 tempus,
599 2176 791 2259 praesertim
814 2176 891 2259 seni,
914 2180 990 2261 post
1008 2198 1089 2241 mor·

86 2267 154 2327 tem
177 2263 306 2346 quidem
329 2285 441 2327 sensus
466 2268 522 2327 aut
546 2264 705 2346 optandus
729 2267 786 2327 aut
810 2264 919 2327 nullus
939 2267 996 2328 est.
1029 2262 1091 2329 Sed

86 2351 149 2415 hoc
172 2351 363 2415 meditatum
391 2350 432 2415 ab
465 2351 683 2414 adulescentia
710 2350 805 2414 debet
834 2371 919 2432 esse,
950 2355 1091 2417 mortem

86 2442 124 2502 ut
142 2438 363 2523 neglegamus,
386 2437 455 2502 sine
474 2459 538 2520 qua
556 2437 764 2501 meditatione
782 2437 960 2520 tranquillo
982 2439 1090 2503 animo

87 2546 158 2590 esse
180 2547 274 2590 nemo
293 2528 411 2609 potest.
455 2523 658 2588 Moriendum
681 2524 766 2588 enirn
789 2527 875 2588 certe
899 2526 961 2607 est,
990 2527 1023 2588 et
1044 2525 1091 2588 in-

86 2617 211 2678 certum
234 2635 276 2677 an
295 2613 357 2678 hoo
375 2613 447 2697 ipso
467 2612 526 2676 die.
558 2611 696 2678 Mortem
713 2610 815 2696 igitur
833 2609 983 2674 omnibus
1001 2611 1090 2674 horis

86 2700 314 2783 inpendentem
329 2700 446 2765 timens
467 2701 522 2784 qui
539 2700 660 2784 poterit
674 2699 781 2764 animo
799 2697 996 2761 consistere?
1028 2696 1077 2762 De
1087 2696 1143 2765 (ῗῦ)

87 2810 152 2872 qua
173 2810 239 2852 non
257 2789 304 2853 ita
322 2789 422 2874 longa
440 2787 658 2872 disputatione
677 2807 756 2870 opus
775 2805 844 2848 esse
862 2785 998 2867 videtur,
1017 2806 1090 2849 cum

87 2877 236 2941 recorder
258 2898 324 2942 non
345 2876 380 2941 L.
403 2875 556 2959 Brutum,
586 2874 697 2959 quiin
719 2872 886 2937 liberanda
908 2873 1016 2956 patria
1039 2876 1090 2936 est

87 2964 291 3048 interfectus,
314 2986 379 3028 non
403 2965 483 3029 duos
496 2963 622 3045 Decios,
646 2961 701 3045 qui
714 2961 754 3025 ad
772 2958 989 3026 voluntariam
1007 2980 1090 3024 mor·
1110 2967 1143 3017 '15

86 3054 155 3115 tem
187 3073 316 3116 cursum
343 3050 498 3135 equorum
524 3050 754 3131 incitaverunt,
784 3068 852 3112 non
877 3047 920 3111 M.
943 3046 1090 3132 Atilium,

87 3138 144 3221 qui
167 3139 208 3202 ad
231 3139 425 3223 supplicium
444 3142 494 3202 est
511 3136 684 3222 profectus,
702 3139 738 3199 ut
755 3134 853 3198 fidem
871 3135 959 3200 hosti
980 3136 1090 3201 datam

86 3231 306 3310 conservaret,
332 3248 399 3290 non
422 3226 502 3290 duos
524 3222 703 3308 Scipiones,
730 3221 786 3306 qui
813 3222 877 3287 iter
898 3221 1016 3288 Poenis
1039 3225 1091 3289 vel

86 3313 276 3396 corporibus
292 3313 358 3377 suis
372 3313 540 3378 obstruere
554 3312 734 3393 voluerunt,
756 3331 824 3375 non
838 3332 934 3376 avum
948 3313 1041 3375 tuum
1054 3310 1090 3375 L.

85 3398 238 3484 Paulum,
271 3400 325 3483 qui
357 3403 461 3465 morte
488 3400 551 3464 luit
578 3400 722 3482 collegae
749 3397 785 3462 in
811 3395 974 3463 Cannensi
1001 3399 1091 3483 igno-

86 3486 187 3552 minia
205 3487 432 3573 temeritatem,
453 3508 521 3553 non
537 3485 580 3552 M.
597 3484 796 3570 Marcellum,
815 3485 904 3550 cuius
922 3485 1092 3550 interitum
