2476 3848
559 183 798 248 -432-

175 343 323 424 sentiret3
342 363 438 426 quam
456 341 547 424 bene,
564 362 630 406 non
650 342 822 424 quaeritur,
843 345 1028 406 constanter
1047 343 1185 427 quidem

176 434 270 495 certe.
323 429 437 514 Itaque
469 429 549 493 mihi
580 431 705 512 placere
737 450 803 493 non
834 430 919 494 solet
950 433 1185 514 consequentia

175 518 420 603 reprehendere,
442 539 514 582 cum
536 518 641 601 prima
664 518 864 582 concesseris.
901 516 964 582 Hic
984 521 1093 583 autem
1117 521 1184 585 ele·

176 606 384 690 gantissimus
412 607 553 670 omnium
585 606 850 689 philosophorum
878 608 911 669 et
940 606 1183 674 eruditissimus

174 716 242 759 non
265 715 460 779 magnopere
487 693 742 777 reprehenditur,
768 715 840 758 cum
867 694 931 758 tria
961 715 1079 779 genere
1101 697 1185 762 dicit

175 782 348 866 honorum,
373 785 508 846 vexatur
536 785 643 846 autem
671 782 711 846 ab
740 781 887 846 omnibus
914 782 1054 865 primum
1083 783 1119 848 in
1144 806 1183 852 eo

175 869 272 954 libro,
296 892 389 954 quem
413 869 542 952 scripsit
564 869 602 932 de
625 870 693 934 vita
714 868 856 952 beata,
846 892 880 933 1n
904 891 966 954 quo
989 871 1095 935 multa
1116 873 1184 937 dis-

175 961 282 1040 put
236 961 270 1022 t
306 980 402 1041 quam
428 958 469 1022 ob
494 978 560 1020 rem
586 958 628 1057 is,
646 958 700 1040 qui.
718 959 918 1041 torqueatur,
937 958 992 1042 qui
1011 960 1184 1045 crucietur,

176 1047 287 1110 beatus
315 1067 384 1109 esse
412 1067 478 1110 non
506 1045 618 1127 possit.
662 1043 700 1107 In
728 1065 766 1109 eo
789 1045 887 1108 etiam
918 1066 962 1146 pu
963 1049 1052 1110 tatur
1074 1047 1183 1113 dicere

175 1134 211 1196 in
232 1137 338 1198 rotam
362 1133 410 1213 [id
429 1135 479 1197 est
498 1153 598 1216 genus
622 1132 782 1216 quoddam
806 1133 959 1196 torment
935 1137 962 1196 t1
981 1134 1065 1217 apud
1084 1134 1185 1201 Grae·

177 1223 243 1301 cos]
272 1223 401 1285 beatam
428 1221 530 1285 vitam
556 1242 620 1285 non
648 1221 826 1284 escendere.
877 1220 952 1286 Non
978 1244 1115 1305 usquam
1147 1225 1183 1289 id

173 1310 303 1394 quidem
331 1308 411 1373 dicit
437 1309 581 1391 omnino,
609 1308 679 1391 sed,
712 1329 792 1409 quae
824 1308 913 1389 dicit,
945 1309 1031 1373 idem
1060 1312 1182 1378 valent

123 1419 157 1466 25
176 1398 344 1462 Possum
333 1398 396 1498 rgit
396 1419 447 1481 ur,
470 1397 522 1462 cui
544 1397 755 1461 concesserim
782 1397 816 1459 in
838 1358 932 1460 malis
956 1419 1026 1461 esse
1051 1398 1182 1464 dolores

173 1487 331 1569 corporis,
353 1487 388 1549 in
406 1485 500 1549 malis
518 1485 688 1569 naufragia
710 1484 872 1567 fortunae,
894 1485 970 1549 huic
994 1507 1182 1553 suscensere

176 1574 293 1638 dicenti
319 1595 385 1637 non
413 1574 518 1638 omnis
545 1574 646 1637 bonos
671 1594 740 1637 esse
762 1535 889 1656 beatod,
916 1594 988 1636 cum
1016 1575 1050 1638 in
1074 1577 1179 1640 onmis

176 1663 279 1726 bonos
298 1684 350 1744 ea,
374 1684 455 1747 quae
477 1661 532 1725 ille
550 1662 585 1724 in
604 1661 699 1724 malis
717 1664 877 1743 numerat,
901 1661 1013 1725 cadere
1031 1662 1178 1746 possint?

176 1748 319 1814 Vexatur
336 1750 421 1813 idem
435 1748 675 1831 Theophrastus
690 1751 723 1811 et
739 1749 832 1812 libris
847 1752 880 1812 et
898 1748 1017 1813 scholis
1035 1751 1180 1814 omnium

176 1836 454 1919 philosophorum,
478 1837 563 1920 quod
581 1837 615 1900 in
634 1834 833 1901 Callisthene
853 1859 910 1901 suo
928 1837 1068 1902 laudarit
1088 1839 1182 1902 illam

177 1926 383 1988 sententiam:

241 2045 370 2109 Vitam
393 2046 494 2131 regit
516 2047 685 2130 fortuna,
708 2069 781 2112 non
805 2048 1006 2130 sapientia.

122 2241 126 2248 .
175 2185 306 2269 Negant
342 2185 381 2249 ab
413 2186 481 2251 ullo
517 2187 712 2270 philosopho
749 2189 918 2272 quicquam
955 2187 1076 2252 dictum
1109 2210 1182 2255 esse

176 2273 371 2356 languidius.
414 2273 513 2339 Recte
536 2276 568 2338 id
592 2276 733 2359 quidem,
756 2275 810 2339 sed
832 2275 916 2339 nihil
937 2276 1093 2360 intellego
1116 2277 1182 2342 dici

175 2362 319 2445 potuisse
351 2363 559 2427 constantius.
613 2362 648 2428 si
679 2364 763 2427 enim
795 2367 846 2427 tot
877 2367 952 2428 sunt
983 2364 1017 2427 in
1047 2385 1181 2448 corpore

176 2451 273 2534 bona,
302 2454 354 2515 tot
377 2456 468 2516 extra
490 2472 603 2534 corpus
626 2452 661 2515 in
683 2474 758 2516 casu
782 2457 876 2535 atque
900 2452 1045 2535 fortuna,
1073 2473 1181 2517 nonne

176 2542 425 2603 consentaneum
448 2543 497 2603 est
519 2539 592 2622 plus
615 2539 790 2622 fortunam,
817 2561 896 2623 quae
919 2540 1050 2604 domina
1072 2562 1181 2606 rerum

177 2627 221 2690 sit
247 2631 280 2691 et
306 2630 508 2691 externarum
536 2632 568 2691 et
599 2628 638 2691 ad
668 2649 782 2709 corpus
810 2628 1051 2710 pertinentium,
1084 2648 1182 2711 quam

123 2727 157 2775 ac
177 2715 345 2779 consilium
371 2714 499 2779 valere?
552 2715 605 2778 An
637 2715 796 2779 malumus
828 2714 1002 2797 Epicurum
1035 2716 1181 2780 imitari?

177 2803 233 2886 qui
256 2803 358 2867 multa
380 2804 542 2885 praeclare
566 2825 660 2886 saepe
683 2803 773 2888 dicit3
797 2824 892 2885 quam
911 2804 997 2866 enim
1020 2804 1083 2867 sibi
1106 2825 1181 2869 con·

177 2895 300 2955 stanter
328 2892 615 2975 convenienterque
643 2892 739 2974 dicat,
771 2912 837 2955 non
867 2890 1001 2955 laborat.
1053 2889 1182 2956 Laudat

175 2982 304 3043 tenuem
323 2979 453 3043 victum.
489 2978 678 3063 Philosophi
696 2979 729 3042 id
748 2979 889 3062 quidem,
911 2979 965 3042 sed
984 2979 1011 3042 si
1030 2975 1181 3045 Socrates

177 3070 234 3129 aut
260 3067 470 3131 Antisthenes
498 3067 630 3149 diceret,
656 3088 721 3131 non
747 3067 790 3144 is,
818 3066 873 3150 qui
898 3067 995 3130 finem
1022 3067 1183 3133 bonorum

176 3153 377 3236 voluptatem
406 3177 474 3219 esse
505 3155 627 3218 dixerit.
680 3154 790 3238 Negat
821 3175 1013 3237 quemquam
1043 3155 1183 3220 iucunde

176 3262 269 3323 posse
302 3242 422 3326 vivere,
454 3243 516 3306 nisi
548 3243 634 3306 idem
665 3242 812 3325 honeste,
841 3243 1003 3325 sapienter
1033 3244 1183 3328 iusteque

176 3329 272 3392 vivat.
321 3328 414 3392 Nihil
441 3331 584 3414 gravius,
612 3330 693 3394 nihil
721 3330 927 3413 philosophia
954 3330 1094 3415 dignius,
1117 3332 1185 3397 nisi

176 3416 261 3480 idem
284 3416 345 3481 hoc
367 3418 474 3500 ipsum
498 3417 662 3502 ‘honesta
685 3419 859 3502 sapienter,
882 3417 982 3482 iuste’
1007 3420 1047 3483 ad
1069 3420 1184 3504 volup-

72 3466 274 3625 ¹Nartem
298 3504 440 3570 referret.
485 3504 567 3581 Quid
591 3507 703 3571 melius
726 3529 822 3590 quam
847 3506 1010 3571 fortunam
1032 3507 1187 3592 exiguam
