2476 3848
501 182 740 246 -490-

122 348 214 410 nata
237 343 361 429 signis
385 346 499 426 atque
521 342 689 427 picturis
711 342 985 425 instructaque
1009 342 1134 409 rebus
1224 338 1227 345 ’

122 433 172 496 iis
209 432 396 514 omnibus,
433 428 570 514 quibus
607 430 803 494 abundant
838 429 880 513 ii,
917 428 981 512 qui
1017 429 1136 495 beati

123 523 322 603 putantur,
351 541 418 583 nec
447 522 576 582 tamen
606 517 778 581 exissent
807 538 982 599 umquam
1006 537 1133 601 supra

123 611 279 690 terram,
310 606 551 690 accepissent
578 607 703 669 autem
731 603 833 668 fama
860 607 897 667 et
925 603 1132 670 auditione

124 716 206 758 esse
238 693 424 778 quoddam
452 714 587 757 numen
619 695 657 755 ct
687 691 763 755 vim
790 691 956 775 deorum,
988 690 1132 757 deinde
1219 712 1227 729 ¹

124 781 254 865 aliquo
282 784 453 865 tempore
479 778 692 864 patefactis
720 783 848 843 terrae
874 778 1053 844 faucibus
1085 802 1132 845 ex
1231 846 1234 855 ,

123 869 207 933 illis
227 868 372 932 abditis
391 867 545 932 sedibus
564 867 724 931 evadere
742 866 781 930 in
797 866 890 930 haec
908 867 1006 949 loca,
1031 888 1131 950 quac

122 977 191 1020 nos
214 955 431 1038 incolimus,
455 958 568 1038 atque
588 955 691 1018 exire
709 954 945 1038 potuissent:
968 975 1052 1019 cum
1070 976 1130 1019 rc·

122 1047 237 1128 pente
269 1046 411 1106 terram
443 1046 480 1106 et
511 1042 632 1106 maria
663 1041 886 1124 caelumque
916 1041 1129 1127 vidissent,

122 1130 279 1194 nubium
314 1128 618 1214 magnitudinem
649 1133 925 1211 uentorumque
957 1128 1034 1193 vim
1066 1150 1128 1195 co·

123 1217 352 1301 gnovissent
375 1217 696 1301 aspexissentque
720 1216 839 1280 solem
862 1216 1019 1299 eiusque
1042 1238 1128 1281 cum

122 1304 428 1389 magnitudinem
455 1304 877 1389 pulchritudinemque,
904 1307 983 1367 tum
1006 1303 1128 1369 etiam

123 1391 381 1456 efficientiam
408 1392 698 1478 cognovissent,
730 1392 829 1475 quod
855 1392 888 1455 is
916 1391 1014 1456 diem
1037 1392 1127 1456 effi-

122 1482 228 1544 ceret
255 1482 339 1545 toto
367 1481 473 1544 caelo
504 1480 586 1544 luce
610 1479 768 1563 diffusa3
795 1501 876 1544 cum
899 1482 1026 1544 autem
1048 1483 1127 1544 ter·

123 1588 184 1631 ras
216 1588 289 1631 nox
318 1571 533 1652 opacasset,
566 1570 645 1631 tum
671 1567 818 1632 caelum
844 1569 969 1631 totum
996 1588 1127 1633 cerne·

122 1657 208 1719 rent
245 1655 364 1719 astris
401 1655 628 1719 distinctum
660 1658 697 1718 et
728 1657 904 1719 ornatum
935 1655 1127 1738 lunaeque

122 1742 308 1807 luminum
337 1743 570 1807 varietatem
599 1746 679 1806 tum
705 1742 929 1826 crescentis,
961 1745 1041 1806 tum
1069 1763 1127 1807 se·
1227 1782 1233 1823 ς

121 1830 319 1893 noscentis
346 1851 549 1913 eorumque
577 1830 743 1894 omnium
771 1833 878 1894 ortus
906 1833 943 1894 et
965 1850 1127 1895 occasus

123 1919 239 2000 atque
267 1917 306 1980 in
334 1917 436 1980 omni
465 1917 700 1981 aeternitate
727 1920 833 1981 ratos
856 1916 1127 1983 inmutabiles-

122 2025 192 2087 que
229 2025 376 2087 eursus;
412 2026 506 2087 quae
539 2027 620 2069 cum
652 2004 841 2088 viderent,
876 2004 1053 2089 profecto
1087 2009 1126 2069 et

29 2133 34 2141 -
123 2112 205 2155 esse
229 2090 317 2154 deos
341 2095 378 2155 et
400 2092 493 2156 haec
515 2094 626 2156 tanta
648 2113 764 2176 opera
787 2091 940 2156 deorum
964 2114 1048 2157 esse
1066 2115 1126 2157 ar·

69 2148 388 2275 ggbitrarentur!
434 2178 542 2262 Atque
563 2180 644 2244 haec
666 2179 795 2264 quidem
816 2179 881 2244 ille.
921 2178 990 2245 Nos
1014 2184 1125 2245 autem

121 2266 272 2329 tenebras
291 2266 470 2352 cogitemus
488 2270 607 2350 tantas,
626 2270 765 2352 quantae
780 2266 941 2351 quondam
955 2268 1125 2353 eruptione

121 2351 340 2418 Aetnaeorum
375 2354 499 2440 ignium
531 2355 688 2419 finitimas
720 2354 867 2440 regiones
900 2356 1125 2421 obscuravisse

122 2441 283 2524 dicuntur,
308 2444 345 2505 ut
367 2464 425 2526 per
446 2443 578 2507 biduum
599 2464 695 2507 nemo
718 2442 882 2506 hominem
903 2443 1001 2508 homo
1024 2462 1124 2529 agno
1161 2460 1165 2465 ’

121 2532 236 2612 sceret,
266 2550 339 2593 cum
369 2532 477 2592 autem
503 2531 600 2594 tertio
629 2531 679 2594 die
707 2530 757 2594 sol
780 2529 963 2614 inluxisset,
991 2533 1063 2596 tnm
1085 2533 1124 2595 ut

121 2616 275 2681 revixisse
299 2615 362 2679 sibi
380 2616 571 2681 viderentur.
607 2616 729 2693 Quodsi
746 2617 809 2682 hoc
826 2617 911 2682 idem
930 2639 969 2682 ex
983 2618 1124 2683 aeternis
1188 2626 1192 2631 '

120 2704 263 2768 tenebris
277 2700 489 2787 contingeret,
502 2707 538 2768 ut
552 2705 660 2769 subito
675 2705 780 2769 lucem
790 2705 1014 2789 aspiceremus,
1029 2728 1125 2789 quae·

120 2813 196 2856 nam
215 2790 336 2875 species
355 2791 436 2855 caeli
454 2791 637 2857 videretur?
669 2789 731 2857 sed
749 2792 943 2857 adsiduitate
961 2793 1125 2859 cotidiana

121 2882 153 2942 et
176 2877 404 2943 consuetudine
428 2879 592 2944 oculorum
616 2879 807 2944 adsuescunt
830 2880 931 2944 animi
947 2902 1052 2964 neque
1070 2882 1124 2946 ad-

120 2966 280 3030 mirantur
301 2987 405 3048 neque
427 2966 594 3049 requirunt
613 2968 753 3032 rationes
773 2988 884 3032 earum
901 2989 1019 3053 rerum,
1042 2988 1124 3053 quas

121 3073 247 3136 semper
268 3052 389 3136 vident,
410 3053 543 3137 proinde
567 3054 659 3137 quasi
676 3054 804 3119 novitas
822 3076 882 3120 nos
901 3056 1007 3142 magis
1026 3078 1126 3141 qnam

120 3140 309 3223 magnitudo
342 3162 449 3204 rerum
481 3140 596 3205 debeat
624 3141 664 3206 ad
692 3142 902 3225 exquirendas
931 3165 1046 3209 causas
1072 3166 1125 3209 ex-

67 3224 228 3289 accitare.
274 3225 353 3301 Quis
386 3227 471 3291 enim
502 3228 588 3292 hunc
613 3228 778 3294 bominem
805 3230 935 3316 dixerit,
968 3231 1024 3316 qui
1050 3254 1126 3297 cum

119 3315 188 3376 tam
216 3316 321 3378 certos
349 3314 431 3379 caeli
457 3319 579 3400 motus,
605 3319 674 3381 tam
696 3319 785 3381 ratos
809 3322 971 3384 astrorum
995 3319 1125 3385 ordines

119 3401 252 3483 tamque
274 3401 361 3465 inter
384 3423 419 3466 se
442 3403 550 3467 omnia
572 3426 692 3469 conexa
714 3406 748 3468 et
771 3409 849 3489 apta
869 3406 1002 3492 viderit,
1024 3410 1127 3495 neget

28 3428 150 3624 Uin
178 3487 231 3552 bis
260 3488 363 3553 ullam
390 3488 495 3555 inesse
521 3491 681 3557 rationem
708 3513 809 3576 eaque
836 3514 913 3559 casu
934 3494 1007 3559 ficri
1029 3494 1128 3581 dicat,
