2476 3848
475 185 714 248 -449..

26 331 30 343 ’
89 349 184 413 dente
226 348 316 430 dicit,
354 347 479 413 nullum
514 345 652 430 sapienti
683 366 753 410 esse
788 349 928 428 tempus,
965 346 1091 409 etiamsi
1215 391 1217 394 ι

90 440 216 520 uratur,
246 439 449 519 torqueatur,
482 439 619 517 secetur,
654 435 731 518 quin
766 434 871 517 possit
903 433 1092 497 exclamare:

90 523 211 600 ‘Quam
229 545 287 608 pro
305 523 407 588 nihilo
425 521 535 607 putol'
559 543 632 588 cum
651 523 841 604 praesertim
860 542 952 585 omne
972 521 1092 584 malum

92 611 201 677 dolore
232 611 377 696 definiat,
414 613 535 675 bonum
566 610 745 694 voluptate,
777 609 858 674 haec
888 613 1000 673 nostra
1035 607 1091 671 ho-

91 703 197 784 nesta,
223 701 333 783 turpia
358 699 497 764 inrideat
524 699 670 782 dicatque
697 719 757 762 nos
783 698 818 762 in
844 696 975 762 vocibus
1001 717 1091 761 oecu-

90 792 187 871 patos
213 788 317 852 inanis
346 808 442 852 sonos
470 786 615 870 fundere,
641 807 743 870 neque
771 786 942 870 quicquam
969 784 1009 849 ad
1033 805 1091 848 nos

90 876 263 960 pertinere,
285 875 350 939 nisi
371 875 456 959 quod
479 879 536 940 aut
558 875 629 939 leve
652 877 708 938 aut
730 895 876 956 asperum
903 873 938 936 in
960 893 1092 955 corpore

92 965 262 1029 sentiatur:
289 963 364 1027 huic
391 980 481 1047 ergo,
506 965 544 1026 ut
570 961 650 1044 diri,
675 983 742 1027 non
769 961 906 1026 multum
933 961 1092 1025 differenti

92 1074 112 1115 a
138 1051 255 1116 iudicio
282 1050 423 1115 ferarum
452 1049 599 1114 oblivisci
624 1050 735 1114 licebit
762 1051 812 1114 sui
839 1053 871 1113 et
897 1053 968 1112 tum
994 1048 1093 1114 fortu-

91 1161 167 1203 nam
195 1142 410 1220 contemnere,
442 1159 514 1202 cum
546 1139 589 1202 sit
621 1160 715 1202 omne
748 1140 781 1201 et
810 1138 931 1202 bonum
963 1137 1031 1202 eius
1061 1141 1093 1200 et

92 1227 213 1291 malum
240 1229 274 1291 in
300 1229 460 1310 potestate
487 1225 648 1307 fortunae,
674 1230 743 1289 tum
770 1224 874 1290 dicere
902 1247 936 1288 se
960 1225 1092 1290 beatum

91 1315 126 1378 in
149 1335 273 1379 summo
297 1315 439 1378 cruciatu
462 1317 558 1397 atque
579 1314 762 1396 tormentis,
791 1335 863 1377 cum
889 1313 1093 1378 constituerit

92 1424 157 1467 non
185 1403 279 1467 modo
307 1423 467 1466 summum
496 1401 616 1465 malum
644 1422 713 1465 esse
736 1400 892 1484 dolorem,
918 1400 1092 1463 sedetiam

93 1488 220 1554 solum?
272 1489 341 1554 Nec
371 1511 447 1555 uero
478 1489 536 1553 illa
561 1489 626 1552 sibi
653 1488 793 1552 remedia
823 1488 1022 1570 comparavit
1052 1488 1092 1550 ad
1112 1498 1145 1546 74

92 1577 292 1642 tolerandum
323 1578 478 1659 dolorem,
513 1576 699 1641 firmitatem
734 1577 847 1659 animi,
883 1575 1091 1658 turpitudinis

92 1665 328 1748 uerecundiam,
373 1665 631 1730 exercitationem
676 1664 997 1746 consuetudinemque
1037 1686 1092 1746 pa·

92 1754 207 1832 tiendi,
234 1756 419 1838 [praecepta
444 1753 669 1834 fortitudinis,]
697 1752 850 1816 durritiam
871 1752 1011 1833 virilem,
1038 1752 1093 1815 sed

91 1864 159 1906 una
190 1863 224 1906 se
256 1842 335 1906 dicit
364 1842 584 1907 recordatione
614 1841 815 1924 adquiescere
847 1840 1092 1924 praeteritarum

92 1931 321 2014 voluptatium,
344 1934 381 1994 ut
398 1931 428 1995 si
446 1931 518 2014 quis
537 1934 698 2013 aestuans,
721 1951 794 1993 cum
811 1930 875 1993 rim
895 1928 1010 1992 caloris
1028 1949 1093 1992 non

93 2018 187 2081 facile
210 2020 365 2101 patiatur,
392 2018 552 2083 recordari
576 2018 654 2082 velit
681 2039 750 2082 sese
779 2017 949 2102 aliquando
976 2017 1012 2081 in
1032 2014 1092 2079 Ar·

93 2105 196 2186 pinati
223 2110 335 2169 nostro
365 2106 476 2188 gelidis
508 2106 692 2170 fluminibus
729 2105 954 2170 circumfusum
984 2105 1093 2168 fuisse.

93 2189 169 2254 Non
188 2191 274 2254 enim
290 2191 397 2273 video,
421 2213 482 2274 quo
501 2193 597 2256 modo
620 2194 730 2257 sedare
752 2195 879 2277 possint
896 2194 982 2258 mala
1004 2214 1094 2276 prae-

95 2277 198 2341 sentia
216 2278 408 2358 praeteritae
425 2279 616 2361 voluptates.
649 2279 711 2343 Sed
730 2302 801 2344 cum
820 2283 847 2345 is
866 2282 952 2346 dicat
969 2302 1093 2364 semper
1112 2289 1145 2338 75

94 2364 226 2429 beatum
254 2386 322 2428 esse
351 2365 540 2448 sapientem,
567 2367 619 2429 cui
646 2367 749 2431 dicere
776 2369 849 2449 hoc,
877 2371 905 2432 si
934 2369 997 2432 sibi
1020 2389 1092 2432 con·

95 2455 182 2518 stare
208 2450 319 2533 vellet,
344 2467 410 2515 non
436 2452 558 2534 liceret,
586 2453 737 2536 quidnam
763 2455 944 2519 faciendum
972 2458 1022 2518 est
1043 2454 1093 2538 iis,

95 2541 150 2625 qui
172 2540 253 2604 nihil
278 2539 500 2622 expetendum,
522 2539 603 2603 nihil
625 2540 776 2605 inbonis
799 2541 984 2625 ducendum,
1009 2543 1093 2624 quod

94 2628 264 2694 honestate
296 2631 415 2710 careat,
447 2627 662 2692 existumant?
717 2627 770 2692 Me
801 2629 928 2713 quidem
964 2633 1093 2693 auctore

95 2717 195 2781 etiam
216 2715 424 2801 Peripatetici
445 2719 631 2800 veteresque
649 2716 832 2781 Academici
850 2716 1012 2780 balbutire
1036 2718 1092 2780 ali·

96 2803 222 2886 quando
241 2804 390 2868 desinant
408 2807 579 2887 aperteque
593 2808 625 2868 et
639 2805 726 2868 clara
743 2826 820 2870 uoce
837 2804 975 2869 audeant
988 2805 1092 2869 dicere

95 2890 224 2955 beatam
245 2892 346 2956 vitam
368 2893 403 2955 in
424 2890 604 2956 Phalaridis
627 2897 755 2957 taurum
778 2894 1009 2958 descensuram.
1104 2963 1111 2978 ,

163 2976 236 3042 Sint
258 2980 341 3043 enim
364 2980 428 3043 tria
450 2999 567 3062 genera
589 2979 760 3064 bonomm,
783 2982 906 3045 utiam
929 3004 948 3045 a
970 2982 1092 3066 laqueis
1103 2949 1141 3076 {g

96 3062 289 3148 Stoicorum,
320 3067 435 3150 quibus
467 3089 560 3132 usum
592 3090 642 3132 me
674 3070 831 3152 pluribus,
862 3091 958 3153 quam
994 3070 1093 3154 soleo,
1146 3075 1149 3080 ’

95 3153 262 3237 intellego,
289 3155 486 3232 recedamus,
513 3156 580 3219 sint
602 3178 677 3220 sane
699 3157 757 3221 illa
787 3178 904 3242 genera
926 3159 1093 3243 bonorum,

96 3241 171 3306 dum
190 3243 331 3325 corporis
351 3247 381 3307 et
398 3247 528 3307 externa
545 3245 672 3308 iaceant
689 3244 780 3310 humi
795 3251 827 3309 et
843 3249 970 3311 tantum
988 3248 1093 3330 mode,

97 3329 173 3413 quia
196 3331 349 3394 sumenda
372 3331 449 3409 sint,
472 3331 674 3414 appellentur
696 3333 793 3416 bona,
820 3335 883 3398 alia
905 3339 1012 3400 autem
1036 3337 1093 3399 illa

96 3417 204 3482 divina
220 3419 315 3502 longe
333 3419 460 3502 lateque
475 3440 508 3483 se
525 3419 669 3501 pandant
686 3421 870 3506 caelumque
890 3424 1091 3507 contingant3

96 3526 135 3568 ea
164 3506 220 3589 qui
251 3506 385 3591 adeptus
412 3507 467 3589 sit,
499 3528 555 3571 cur
582 3530 653 3572 eum
681 3508 810 3574 beatum
837 3510 931 3576 modo
965 3515 998 3574 et
1027 3533 1092 3575 non

143 3619 322 3675 metientem,
336 3621 380 3668 Cic.
395 3621 509 3677 philolopb.
523 3621 639 3677 &brittam
829 3618 867 3666 ‘hb
