2476 3848
523 147 763 212 -314-

93 339 125 388 11
144 324 251 407 ipsum
274 323 414 387 amantis
438 326 497 387 est.
533 321 615 388 Oum
637 322 696 387 illo
719 344 795 387 vero
820 321 891 405 quis
919 326 1018 407 neget
1042 326 1154 389 actum

144 432 214 476 esse
235 410 421 494 praeclare?
444 409 518 475 Nisi
545 411 640 493 enim,
663 411 747 494 quod
769 410 826 474 ills
849 409 981 474 minime
1003 412 1153 497 putabat,

144 499 414 563 inmortalitatem
445 503 558 583 optare
585 499 698 581 vellet,
730 498 807 581 quid
833 519 900 562 non
927 498 1063 583 adeptus
1092 503 1153 584 est,

145 586 231 669 quod
261 585 384 651 homini
415 586 466 651 fas
499 590 584 650 esset
616 587 752 671 optare?
790 585 845 670 qui
876 607 1036 650 summam
1060 608 1152 670 spem

144 674 275 758 civium,
308 696 405 758 quam
429 674 466 738 de
490 696 527 738 eo
551 675 616 738 iam
644 696 743 757 puero
770 674 965 752 habuerant,
996 675 1149 740 continuo

145 762 331 827 adulescens
345 762 526 827 incredibili
540 762 660 827 virtute
677 762 853 846 superavit,
872 761 928 844 qui
946 764 1152 828 consulatum

143 850 262 934 petivit
283 872 469 934 numquam,
491 850 558 914 fact
544 854 597 914 tus
621 851 733 915 consul
756 852 806 914 est
829 849 890 932 bis,
911 850 1053 933 primum
1075 856 1152 916 ante

144 941 288 1028 tempus,
310 940 428 1002 iterum
452 938 516 1001 sibi
539 959 597 1003 suo
620 941 780 1023 tempore,
807 937 1029 1039 reipublicae
1048 961 1151 1023 paene

145 1047 231 1109 sero,
252 1026 318 1126 'qui
345 1025 468 1090 duabus
501 1026 636 1091 urbibus
668 1026 788 1090 eversis
815 1025 1047 1090 inimicissimis
1075 1027 1152 1091 huic

144 1113 281 1196 imperio
298 1134 365 1177 non
379 1113 474 1178 modo
488 1113 681 1198 praesentia,
699 1135 811 1178 verum
825 1113 924 1177 etiam
938 1113 1049 1179 futura
1062 1114 1153 1179 bella

146 1201 273 1266 delevit.
310 1199 393 1276 Quid
417 1201 521 1266 dicam
545 1202 584 1266 de
606 1201 750 1265 moribus
773 1201 947 1284 facillimis,
970 1202 1009 1266 de
1027 1202 1152 1286 pietate

144 1288 180 1353 in
201 1292 353 1374 matrem,
381 1289 578 1354 liberalitate
605 1289 640 1353 in
663 1310 803 1373 sorores,
832 1288 980 1355 bonitate
1007 1289 1042 1353 in
1065 1312 1152 1375 suos,

143 1376 271 1441 iustitia
292 1376 328 1441 in
351 1378 483 1443 omnes?
506 1381 585 1443 nota
608 1380 684 1441 sunt
702 1377 804 1442 vobis.
850 1375 954 1451 Quam
977 1381 1086 1442 autem
1110 1380 1152 1444 ci-

145 1465 241 1529 vitati
257 1486 348 1530 carus
367 1466 476 1544 fuerit,
496 1487 641 1531 maerore
656 1465 779 1529 funeris
792 1464 970 1530 indicatum
985 1468 1043 1530 est.
1067 1465 1152 1542 Quid

143 1552 246 1638 igitur
274 1554 360 1618 hunc
386 1575 563 1638 paucorum
595 1575 753 1618 annorum
780 1553 920 1618 accessio
953 1554 1063 1618 iuvare
1094 1577 1151 1638 po-

144 1641 283 1706 tuisset?
320 1639 473 1706 Senectus
504 1642 590 1705 enim
622 1641 768 1725 quamvis
795 1662 862 1704 non
886 1641 929 1705 sit
957 1641 1080 1726 gravis,
1113 1646 1151 1706 ut

144 1729 277 1793 memini
291 1728 448 1794 Catonem
462 1751 546 1794 anno
566 1732 650 1812 ante,
674 1750 771 1811 quam
785 1732 835 1792 est
849 1733 1005 1813 mortuus,
1024 1750 1151 1794 mecum

145 1820 178 1880 et
201 1839 273 1881 eum
297 1814 446 1901 Scipione
469 1817 634 1899 disserere,
656 1818 767 1879 tamen
791 1815 897 1880 aufert
915 1838 987 1881 eam
1005 1817 1152 1882 viridita-

94 1919 125 1967 12
144 1908 212 1968 tem
218 1955 226 1988 ,
253 1905 288 1967 in
311 1926 374 1987 qua
398 1904 496 1968 etiam
518 1926 603 1969 nunc
626 1906 696 1968 erat
719 1901 836 1988 Scipio
882 1903 985 1980 Quam
1008 1905 1050 1968 ob
1080 1927 1150 1971 rem

143 1993 212 2056 vita
236 1991 364 2075 quidem
386 1992 463 2056 talis
486 1992 549 2056 fuit
571 1993 623 2057 vel
646 1991 778 2057 fortuna
800 1992 853 2057 vel
877 1993 992 2078 gloria,
1010 1995 1048 2056 ut
1064 1992 1149 2057 nihil

143 2081 255 2161 posset
278 2078 435 2164 accedere,
458 2080 616 2144 moriendi
638 2083 747 2144 autem
770 2101 900 2145 sensum
923 2080 1071 2146 celeritas
1096 2082 1150 2145 ab·

144 2165 251 2248 stulit3
284 2188 346 2250 quo
371 2167 409 2230 de
432 2188 548 2252 genere
572 2167 687 2231 mortis
711 2167 842 2233 difficile
860 2168 948 2234 dictu
977 2173 1039 2252 est,
1072 2169 1150 2253 quid

143 2253 290 2317 homines
323 2255 538 2340 suspicentur,
570 2255 700 2338 videtis3
736 2255 798 2320 hoc
825 2277 899 2320 vere
929 2260 1041 2321 tamen
1071 2257 1149 2322 licet

144 2341 256 2424 dicere,
279 2341 314 2406 P
338 2340 479 2426 Scipioni
502 2367 541 2408 ex
563 2344 657 2408 mult
632 2348 676 2408 t1s
700 2343 825 2426 diebus,
849 2365 929 2427 quos
952 2345 988 2408 in
1008 2344 1078 2410 rita
1101 2367 1150 2410 ce·

143 2429 333 2494 leberrimos
362 2431 622 2515 laetissimosque
649 2431 779 2514 viderit,
806 2431 900 2495 illum
928 2432 1012 2497 diem
1038 2432 1149 2497 claris·

143 2517 261 2582 simum
287 2517 401 2602 fuisse,
432 2541 529 2604 quom
553 2523 666 2584 senatu
630 2519 822 2583 tdimisso
844 2519 974 2584 domum
996 2519 1149 2586 reductus

143 2607 183 2672 ad
205 2627 375 2690 vesperum
399 2610 449 2671 est
476 2629 495 2672 a
518 2611 581 2707 pat
567 2607 672 2671 tribus
700 2607 864 2690 conscript
865 2607 908 2690 is,
935 2608 1057 2692 populo
1086 2608 1150 2673 Ro-

143 2716 253 2777 manc,
278 2694 372 2759 sociis
397 2698 429 2758 et
451 2693 523 2758 Lat'
499 2694 590 2777 trnis,
616 2695 719 2779 pridie
748 2716 845 2777 quam
868 2696 1005 2760 excessit
1029 2718 1055 2760 e¹
1070 2697 1149 2776 vita,

141 2787 179 2846 ut
202 2805 241 2847 ex
263 2786 332 2847 tam
355 2783 423 2847 alto
448 2782 616 2867 dignitatis
644 2782 746 2867 gradu
774 2781 815 2846 ad
842 2804 976 2866 superos
999 2784 1149 2850 videatur

102 2917 123 2978 4
143 2872 219 2935 deos
243 2872 351 2954 potius
375 2892 472 2954 quam
496 2870 536 2934 ad
558 2869 680 2934 inferos
702 2870 895 2955 pervenisse.

90 2995 123 3042 13
208 2957 321 3040 Neque
345 2959 430 3022 enim
450 2958 614 3023 adsentior
632 2958 682 3040 iis,
705 2957 760 3040 qui
777 2958 857 3023 haec
873 2980 976 3043 nuper
990 2959 1149 3025 disserere

142 3050 324 3129 coeperunt,
346 3068 418 3109 cum
433 3046 620 3130 corporibus
636 3046 733 3109 simul
752 3046 877 3110 animos
896 3047 1029 3112 interire
1049 3051 1149 3132 atquc

142 3133 251 3197 omnia
274 3137 379 3197 morte
403 3133 515 3217 deleri3
537 3134 610 3217 plus
630 3134 715 3218 apud
738 3155 789 3199 me
812 3134 1021 3218 antiquorum
1040 3140 1150 3202 aucto·

141 3220 221 3283 ritas
245 3220 342 3302 valet,
365 3220 417 3284 vel
440 3225 626 3286 nostrorum
648 3222 817 3306 maiorum,
841 3222 897 3306 qui
919 3223 1057 3286 mortuis
1078 3228 1149 3288 tam

141 3307 327 3408 religiosa
318 3329 390 3371 rura
412 3308 604 3393 tribuerunt,
628 3310 713 3393 quod
735 3331 801 3374 non
818 3309 972 3375 fecissent
990 3311 1149 3414 profecto,

141 3395 170 3458 si
191 3395 274 3459 nihil
298 3395 339 3459 ad
361 3416 416 3459 eos
437 3397 597 3479 pertinere
617 3398 862 3482 arbitrarentur,
881 3398 933 3463 vel
952 3420 1073 3484 eorum,
1093 3400 1151 3484 qui

138 3482 174 3548 in
192 3486 286 3549 hact
288 3505 359 3548 erra
377 3483 508 3549 fuerunt
527 3506 743 3570 magnamque
759 3485 938 3572 Graeciam,
961 3508 1044 3571 quae
1062 3509 1151 3557 nunc
