2476 3848
507 170 748 235 -288—

119 333 173 419 Sp.
203 332 284 398 Post
269 331 403 414 tumius,
435 329 471 394 Τ.
498 328 652 394 Veturius
684 329 831 394 consules
864 331 1008 415 superati
1041 335 1128 418 sunt,

119 358 208 488 lopcut
208 443 263 485 um
278 381 456 501 Archytam
470 416 638 481 Nearchus
652 416 854 501 Tarentinus
870 417 990 503 hospes
1003 424 1128 506 noster,

120 510 175 594 qui
188 509 223 573 in
241 507 384 572 amicitia
401 506 515 606 populi
528 505 668 569 Romani
684 509 917 590 permanserat,
936 527 970 571 se
989 529 1009 571 a
1026 509 1127 574 maio·

119 599 209 662 ribus
232 599 312 661 natu
335 594 495 678 accepisse
519 592 660 675 dicebat,
683 616 755 658 curn
779 593 908 677 quidem
931 594 961 658 ei
984 597 1128 662 sermoni

119 685 321 750 interfuisset
337 682 433 746 Plato
450 643 667 763 Atheniensis,
691 702 786 763 quem
805 681 925 746 Tarent
911 685 981 747 turn
999 684 1127 750 venisse

86 772 155 837 aL.
177 771 324 853 Camillo,
348 771 410 853 Ap.
434 767 568 833 Claudio
593 769 779 833 consulibus
801 770 936 853 reperio.
981 769 1127 846 Quorsus

120 861 203 925 hoc?
235 858 282 924 Ut
299 857 543 941 intellegeretis
561 856 590 919 si
603 857 804 942 voluptatem
820 858 986 941 aspernari
999 861 1128 926 ratione

121 951 154 1012 et
182 946 342 1031 sapientia
367 966 433 1008 non
458 965 639 1028 possemus,
667 966 820 1029 magnam
846 945 1028 1011 habendam
1056 969 1128 1012 esse

122 1035 279 1099 senectuti
306 1033 460 1118 gratiam,
493 1053 573 1116 quae
601 1031 755 1115 efficeret,
728 1036 823 1096 tut
850 1033 883 1097 id
908 1055 975 1098 non
1000 1035 1129 1120 liberet,

122 1123 207 1206 quod
222 1144 289 1187 non
306 1125 402 1205 oport
388 1124 480 1184 teret.
514 1119 655 1203 Impedit
674 1081 758 1184 enini
778 1121 946 1185 consilium
964 1123 1128 1275 voluptas,

121 1209 272 1274 rationi
263 1209 393 1273 mimica
416 1211 475 1291 est,
498 1208 624 1290 mentis,
646 1209 732 1272 ut't
705 1231 753 1272 ra
775 1208 888 1292 dicam,
913 1211 1128 1296 praestringit

122 1299 232 1364 oculos
254 1319 314 1361 nec
332 1296 431 1360 habet
450 1258 553 1359 ullum
572 1317 644 1360 curn
663 1295 784 1360 virtute
803 1297 1037 1362 commercium
1075 1298 1128 1363 In·

121 1386 208 1452 vitus
240 1385 314 1468 feci,
345 1388 383 1448 ut
413 1383 586 1449 fortissimi
616 1383 678 1447 viri
709 1383 745 1448 Τ.
777 1383 952 1448 Flaminini
982 1385 1128 1470 fratrem,

121 1472 157 1537 L.
179 1473 410 1555 Flamininum,
438 1494 455 1535 1
483 1475 597 1536 senatu
620 1471 755 1536 eicerem
778 1476 903 1555 septem
927 1472 1018 1536 annis
1042 1477 1128 1558 post,

123 1584 220 1645 quam
243 1562 355 1626 consul
377 1560 506 1643 fuisset,
534 1559 591 1624 sed
616 1559 793 1624 notandam
815 1560 929 1643 putavi
950 1560 1126 1626 libidinem.

122 1649 183 1713 Ille
202 1650 296 1733 enim,
320 1671 392 1714 cunr
411 1651 495 1712 esset
481 1647 627 1712 ctonsul
645 1648 680 1711 in
698 1646 814 1729 Gallia,
833 1651 983 1712 exoratus
1000 1648 1035 1712 in
1052 1670 1128 1712 con-

122 1738 208 1802 vivio
233 1760 252 1802 a
280 1740 386 1801 scorto
415 1739 477 1819 est,
504 1739 541 1799 ut
569 1735 672 1800 securi
698 1734 810 1799 feriret
838 1735 979 1819 aliquem
1005 1757 1128 1821 eorum,

123 1826 178 1908 qui
199 1825 235 1888 in
255 1824 393 1888 uinculis
417 1826 525 1886 essent
548 1823 690 1887 damnat'
666 1826 693 1886 tr
710 1823 758 1887 rei
776 1827 863 1907 caprt
839 1823 935 1888 11111.
970 1822 1033 1889 Η11
1051 1823 1127 1890 Tito

120 1912 223 1976 fratre
257 1933 314 1975 suo
347 1931 491 1992 censore,
529 1910 584 1992 qui
615 1910 780 1993 proximus
813 1915 888 1975 ante
922 1933 973 1976 me
1009 1911 1128 1996 fuerat,

123 2000 338 2082 elapsus,
276 2001 337 2062 est·
312 1998 445 2061 tn'rihi
471 2019 547 2061 vero
576 2002 608 2062 et
594 1997 750 2063 tFlacco
777 1999 966 2083 neutiquam
993 1963 1128 2084 probari

122 2086 231 2170 potuit
252 2089 321 2150 tam
318 2085 445 2235 ,111ςί1
437 2106 546 2149 10111
547 2088 652 2149 ttam
673 2085 800 2188 perdita
818 2087 929 2170 libido,
953 2109 1034 2170 quae
1054 2110 1128 2153 cum

84 2173 243 2269 3probro
275 2173 403 2257 privato
435 2173 643 2258 coniungeret
674 2174 802 2258 imperii
831 2174 974 2239 dedecus.
1024 2173 1128 2260 Saepe

84 2221 232 2326 '³audivi
255 2282 293 2324 ex
316 2260 492 2325 maioribus
514 2265 594 2325 natu
574 2285 609 2362 1,
626 2261 681 2362 qui
704 2283 737 2326 se
755 2284 853 2345 porro
871 2283 989 2346 pueros
1008 2285 1028 2326 a
1046 2264 1128 2328 seni-

123 2350 184 2415 bus
214 2349 341 2413 audisse
373 2349 534 2431 dicebant,
567 2349 678 2413 mirari
711 2350 788 2413 solit
774 2353 845 2414 tum
872 2348 906 2414 Ο.
933 2350 1128 2435 Fabricium,

123 2437 217 2521 quod,
236 2459 308 2502 cum
328 2438 412 2521 apud
430 2457 540 2522 regem
553 2436 714 2520 Pyrrhum
728 2438 856 2522 legatus
872 2442 966 2522 esset,
984 2402 1129 2504 audisset

124 2548 142 2590 a
165 2525 322 2590 Thessalo
346 2524 445 2589 Cinea
472 2546 542 2588 esse
569 2524 728 2608 quendam
752 2525 905 2609 Athenis,
932 2525 989 2610 qui
1015 2548 1050 2591 se
1079 2548 1129 2591 sa·

122 2614 265 2698 pientem
287 2613 503 2697 profiteretur,
527 2634 662 2695 eumque
682 2613 786 2678 dicere
805 2613 922 2695 omnia,
945 2635 1027 2697 quae
1045 2613 1129 2680 face-

123 2724 243 2785 remus,
276 2702 316 2765 ad
348 2702 551 2783 voluptatem
583 2721 652 2765 esse
683 2700 858 2765 referenda.
904 2700 996 2776 Quod
1023 2724 1062 2766 ex
1089 2724 1128 2767 eo

124 2790 289 2854 audientes
312 2787 363 2853 Μ’.
384 2787 516 2853 Curium
539 2788 638 2851 11Τ1.
658 2787 892 2859 Coruncanium
916 2793 1029 2874 optare
1053 2791 1128 2854 soli·

123 2881 188 2960 tos,
218 2881 255 2941 ut
282 2877 316 2941 id
343 2875 542 2941 Samnitibus
569 2875 695 2960 ipsique
717 2875 842 2959 Pyrrho
869 2876 1129 2962 persuaderetur,

124 2986 187 3047 quo
209 2964 338 3028 facilius
361 2962 446 3028 vinci
468 2966 609 3047 possent,
633 2985 706 3027 cum
729 2985 763 3027 se
780 2964 1004 3048 voluptatibus
1024 2965 1130 3031 dedis-

124 3055 205 3116 sent.
254 3049 389 3115 Vixerat
416 3050 466 3115 M'.
495 3049 610 3115 Curius
638 3073 711 3116 cum
741 3051 776 3116 P.
805 3052 918 3135 Decio,
951 3052 1007 3136 qui
1038 3053 1130 3137 quin-

125 3138 262 3221 quennio
287 3143 361 3201 ante
385 3161 458 3202 eum
481 3140 646 3204 consulem
669 3161 703 3203 se
725 3162 784 3224 pro
807 3162 842 3204 re
861 3140 993 3224 publica
1011 3145 1129 3225 quarto

124 3226 294 3290 consulatu
322 3226 507 3311 devoverat,
538 3231 634 3292 norat
620 3228 797 3292 teundem
824 3227 1006 3312 Fabricius,
1032 3232 1130 3295 norat

125 3312 357 3397 Coruncanius,
381 3314 436 3396 qui
459 3337 531 3378 curn
550 3336 665 3380 11111
685 3315 754 3380 vita
755 3320 855 3397 ,turn
875 3337 913 3381 ex
932 3316 1009 3400 eius,
1034 3339 1131 3400 quern

124 3401 208 3486 dioc,
231 3399 325 3484 Deci,
346 3401 433 3467 facto
457 3400 642 3468 iudicabant
665 3424 735 3468 esse
758 3403 903 3490 profecto
928 3404 1053 3489 aliquid
1074 3427 1132 3471 na·

123 3491 198 3555 tura
224 3452 400 3576 pulclirum
432 3493 529 3574 atque
560 3491 776 3578 praeclarum,
809 3492 894 3577 quod
925 3514 984 3558 sua
1013 3496 1134 3578 sponte

84 2144 113 2208 3
