2476 3848
467 176 706 241 ..457-

88 337 286 420 parsimonia
317 337 529 420 delectantur,
562 342 599 403 ut
630 338 668 402 de
698 336 958 402 Lacedaemoniis
990 338 1088 421 paulo

90 427 165 489 ante
188 425 334 490 diximus,
368 425 539 491 Persarum
561 424 811 508 aXenophonte
831 427 936 490 victus
959 426 1088 508 exponi-

89 516 154 597 tur,
178 534 257 597 quos
280 517 378 598 negat
400 513 441 577 ad
461 536 578 598 panem
596 513 747 579 adhibere
771 513 940 599 quicquam
962 517 1089 597 praeter

89 601 296 666 nasturcium.
346 601 560 687 Quamquam,
583 603 612 667 si
634 602 790 687 quaedam
812 602 909 667 etiam
940 602 1089 667 suaviora

89 693 205 754 natura
231 689 401 772 desideret,
427 713 524 774 quam
550 691 654 756 multa
679 713 716 755 ex
744 694 829 754 terra
858 689 1089 773 arboribusque

89 778 266 862 gignuntur
288 799 360 842 cum
382 779 476 861 copia
498 778 599 862 facili,
626 783 695 844 tum
718 779 876 843 suavitate
898 778 1089 862 praestanti!

89 865 181 929 Adde
204 865 394 949 siccitatem,
421 887 503 950 quae
525 867 732 951 consequitur
753 865 836 931 hanc
859 865 1089 931 continentiam

90 954 124 1018 in
150 953 250 1036 victu,
281 953 360 1018 adde
391 953 610 1038 integritatem
642 955 850 1038 valetudinis;
879 954 987 1019 confer
1015 965 1142 1018 su-100

90 1041 212 1124 dantis,
247 1041 417 1124 ructantis,
452 1042 588 1108 refertos
625 1045 727 1128 epulis
763 1047 929 1126 tamquam
963 1042 1089 1126 opimos

90 1129 203 1213 boves3
234 1133 304 1193 tum
334 1129 517 1214 intelleges,
555 1132 609 1215 qui
641 1133 837 1214 voluptatem
868 1131 1006 1195 maxime
1043 1151 1089 1194 se·

91 1221 240 1302 quantur,
262 1238 317 1281 eos
335 1216 467 1281 minime
488 1219 650 1301 consequi,
672 1219 963 1303 iucunditatemque
986 1219 1089 1283 victus

90 1327 160 1372 esse
183 1306 218 1369 in
240 1304 410 1387 desiderio,
432 1326 498 1371 non
520 1305 555 1370 in
577 1306 735 1372 satietate.

155 1392 369 1473 Timotheum,
386 1393 508 1457 clarum
525 1392 688 1460 hominem
704 1393 842 1459 Athenis
861 1397 893 1457 et
911 1393 1089 1476 principem
1099 1389 1142 1454 35

90 1481 244 1560 civitatis,
267 1480 390 1563 ferunt,
414 1502 485 1545 cum
504 1481 682 1546 cenavisset
700 1481 785 1565 apud
803 1479 1090 1562 Platonem'coque

91 1568 235 1634 convivio
268 1569 437 1633 admodum
468 1568 645 1635 delectatus
678 1573 763 1635 esset
793 1568 987 1651 vidissetque
1017 1588 1090 1632 eum

90 1657 260 1741 postridie,
296 1657 425 1721 dixisse:
472 1655 649 1721 ‘Vestrae
686 1657 835 1743 quidem
871 1677 985 1721 cenae
1016 1677 1116 1722 non.

91 1747 214 1810 solum
249 1745 288 1809 in
322 1746 555 1829 praesentia,
592 1745 657 1810 sed
694 1746 807 1810 etiam
842 1746 998 1827 postero
1031 1744 1091 1808 die

90 1833 277 1898 iucundae
299 1831 408 1898 sunt?
445 1832 540 1915 Quid,
563 1834 705 1917 quodne
723 1837 830 1897 mente
853 1831 982 1916 quidem
1004 1834 1092 1896 recte

91 1921 139 1985 uti
169 1943 339 2005 possumus
366 1921 467 1985 multo
496 1921 567 1986 cibo
595 1925 628 1987 et
653 1923 783 2006 potione
814 1919 986 2003 completi?
1029 1918 1092 1983 Est

91 2010 256 2092 praeclara
283 2010 422 2093 epistula
447 2008 592 2074 Platonis
617 2009 657 2073 ad
680 2009 793 2074 Dionis
816 2009 1027 2092 propinquos,
1057 2008 1092 2071 in

92 2119 156 2180 qua
178 2098 334 2179 scripturn
357 2100 406 2161 est
427 2096 478 2161 his
502 2097 570 2161 fere
591 2099 712 2162 verbis:
745 2096 839 2173 ‘Quo
863 2118 943 2161 cum
966 2097 1092 2160 venis·

92 2205 182 2266 sem,
204 2184 286 2248 vita
303 2185 374 2249 illa
392 2186 516 2267 beata,
539 2207 635 2269 quae
652 2185 860 2266 ferebatur,
882 2185 995 2269 plena
1012 2184 1091 2248 Ita·

89 2271 249 2335 licarum
294 2269 658 2357 Syracusiarumque
707 2294 933 2355 mensarum,
983 2273 1091 2337 nullo

92 2359 200 2423 modo
233 2359 325 2423 mihi
357 2359 519 2441 placuit,
550 2361 608 2424 bis
641 2363 679 2425 in
711 2361 770 2426 die
800 2362 970 2425 saturum
1001 2360 1092 2423 fieri

91 2468 159 2511 nec
181 2468 355 2530 umquam
373 2450 601 2530 pernoctare
620 2450 742 2513 solum
762 2452 975 2531 ceteraque,
998 2468 1092 2531 quae
1215 2489 1218 2496 Α

92 2534 326 2607 comitantur
356 2534 443 2599 huic
474 2535 588 2616 vitae,
621 2537 661 2599 in
693 2558 765 2620 qua
796 2535 952 2619 sapiens
984 2555 1092 2598 nemo

93 2623 291 2688 efficietur
317 2644 503 2706 umquam,
528 2623 745 2689 moderatus
768 2645 856 2688 vero
881 2623 1000 2687 multo
1024 2622 1091 2686 mi·

92 2733 169 2777 nus.
215 2708 316 2785 Quae
339 2712 438 2776 enim
460 2715 598 2775 natura
620 2716 696 2775 tam
721 2711 955 2776 mirabiliter
979 2713 1070 2774 tem·
1094 2730 1143 2780 101

92 2799 219 2880 perari
242 2797 409 2883 potest‘l'
455 2797 525 2873 Quo
548 2800 642 2864 modo
670 2800 770 2884 igitur
790 2797 928 2865 iucunda
950 2799 1017 2862 vita
1039 2819 1092 2880 po·

92 2889 159 2950 test
177 2907 259 2969 esse,
277 2908 298 2951 a
315 2907 379 2969 qua
398 2886 484 2951 absit
501 2887 683 2970 prudentia,
701 2888 788 2952 absit
805 2887 1007 2952 moderatio?
1043 2884 1093 2950 Ex

93 2995 155 3057 quo
188 2971 424 3058 Sardanapalli,
458 2975 694 3058 opulentissimi
725 2974 838 3059 Syriae
869 2975 969 3058 regis,
1005 2995 1093 3038 error

92 3061 311 3146 adgnoscitur,
337 3063 393 3145 qui
414 3062 513 3126 incidi
535 3063 630 3127 iussit
652 3063 686 3128 in
707 3064 817 3129 busto:

158 3235 261 3303 Haec
289 3236 423 3320 habeo,
453 3259 547 3320 quae
575 3239 647 3322 edi,
675 3261 844 3324 quaeque
872 3243 1093 3317 exsaturata
1126 3334 1129 3339 Ι

157 3413 311 3497 Hausit;
342 3418 381 3478 at
411 3414 482 3478 illa
512 3415 643 3479 iacent
672 3416 792 3479 multa
823 3419 860 3480 et
882 3290 1164 3630 Ιῖἷξιαὲῗιὴηί

857 3525 953 3568 re1c
978 3525 1005 3567 a
