2476 3848
536 163 777 228 -138-

150 328 405 415 proficiscuntur,
427 348 500 392 cum
518 327 556 410 is,
579 325 635 409 qui
651 347 767 390 nocere
786 325 882 390 alteri
900 326 1034 412 cogitat,
1052 327 1156 411 timet,

150 439 204 500 ne,
231 416 295 480 nisi
316 416 349 479 id
371 415 498 498 fecerit,
524 414 595 497 ipse
623 413 731 496 aliquo
761 413 922 478 afficiatur
943 414 1156 480 incommodo.

151 504 327 569 Maximam
346 506 454 567 autem
472 505 600 587 partem
618 500 659 565 ad
676 501 827 565 iniuriam
846 502 1026 566 faciendam
1046 503 1157 587 adgre-

151 593 296 673 diuntur,
322 595 359 655 ut
387 590 607 675 adipiscantur
634 610 684 672 ca,
716 610 798 671 quae
826 590 1090 675 concupiverrmt3
1122 591 1156 655 in

151 703 215 765 quo
238 679 318 744 vitio
341 678 500 742 latissime
523 680 615 761 patet
639 676 785 740 avaritia.

98 737 132 864 ᾖ
216 766 421 850 Expetuntur
444 769 553 830 autem
577 764 708 828 divitiae
736 786 809 828 eum
832 764 873 828 ad
895 785 972 829 usus
994 765 1081 857 vitae
1103 787 1156 830 ne-

152 855 322 937 cessarios,
349 858 420 918 tum
443 853 483 917 ad
505 851 714 938 perfruendas
737 852 933 937 voluptates.
977 851 1017 916 In
1039 852 1156 936 quibus

152 947 260 1008 autem
292 942 396 1006 maior
428 944 478 1004 cst
510 940 650 1022 animus,
680 939 717 1003 in
746 939 787 1003 iis
816 939 969 1024 pecuniae
997 940 1157 1024 cupiditas

152 1032 278 1115 spectat
297 1029 338 1093 ad
356 1050 433 1114 opes
452 1031 485 1092 ct
503 1027 544 1092 ad
563 1027 767 1112 gratificandi
783 1026 982 1111 facultatem,
1000 1032 1037 1091 ut
1054 1050 1157 1113 nuper

151 1117 194 1183 M.
222 1116 359 1182 Crassus
386 1115 529 1201 negabat
555 1115 658 1179 ullam
690 1115 769 1179 satis
802 1136 956 1200 magnam
987 1117 1157 1200 pecuniam

152 1226 222 1269 esse
245 1205 288 1289 ei,
315 1203 371 1287 qui
392 1204 484 1267 inre
506 1202 639 1288 publica
659 1202 809 1287 princepe
831 1203 931 1268 vellet
954 1225 1037 1288 csse,
1067 1205 1157 1270 euius

150 1292 310 1357 fructibus
330 1291 504 1356 exercitum
523 1291 609 1356 alere
627 1312 694 1354 non
710 1293 831 1375 posset.
865 1290 1040 1356 Delectant
1058 1292 1157 1357 etiam

152 1380 316 1466 magnifici
339 1383 514 1464 apparatus
537 1379 687 1462 vitaeque
710 1378 816 1443 cultus
839 1400 911 1443 cum
937 1379 1101 1465 elegantia
1124 1384 1157 1444 ct

152 1469 258 1552 copia3
282 1468 397 1552 quibus
420 1469 516 1531 rebus
540 1466 689 1531 effectum
712 1469 771 1549 est,
793 1470 831 1531 ut
852 1466 980 1531 infinita
1002 1468 1156 1552 pecuniae

152 1557 310 1640 cupiditas
339 1559 432 1620 esset.
477 1554 546 1619 Nec
571 1576 648 1619 vcro
676 1554 723 1618 rei
749 1553 921 1618 familiaris
944 1554 1155 1639 amplificatio

150 1644 272 1708 nemini
298 1665 417 1708 nocens
444 1642 658 1726 vituperanda
685 1645 747 1724 est,
776 1642 831 1706 sed
852 1642 1006 1727 fugienda
1029 1664 1156 1728 semper

99 1747 133 1797 26
152 1732 270 1797 iniuria
294 1735 351 1795 est.
396 1730 545 1794 Maxume
569 1733 678 1793 autem
705 1729 906 1794 adducuntur
932 1729 1091 1815 plerique,
1118 1735 1156 1795 ut

152 1842 206 1884 ecs
229 1818 375 1883 iustitiae
394 1818 501 1901 capiat
520 1817 650 1901 oblivio,
674 1840 746 1881 cum
764 1817 799 1880 in
816 1817 1035 1902 imperiorum,
1056 1818 1156 1883 hono-

151 1929 237 1990 rum,
260 1906 388 2058 {leriae
416 1905 626 1989 cupiditatem
648 1904 836 1970 incidenmt.
881 1904 974 1980 Quod
997 1905 1082 1970 enim
1105 1911 1156 1971 cst

290 1993 415 2057 nnium:

469 2079 588 2144 Nulla
611 2084 745 2145 sancta
768 2080 937 2145 societas

218 2166 297 2232 Nec
318 2166 422 2231 fides
445 2168 555 2253 regni
578 2171 649 2251 est,

152 2255 186 2321 id
207 2255 306 2319 latius
329 2259 429 2338 patet.
466 2255 551 2320 Nam
575 2256 726 2340 quicquid
748 2256 815 2320 eius
839 2256 1009 2340 medicat,
1033 2256 1068 2321 in
1091 2279 1155 2340 quo

151 2343 362 2428 nonpossint
379 2344 489 2428 plures
508 2344 671 2427 excellere,
689 2344 725 2408 in
742 2366 779 2409 eo
797 2344 836 2408 fit
853 2344 1044 2428 plerumque
1061 2348 1156 2410 tanta

153 2431 325 2514 cententio,
348 2435 385 2496 ut
408 2431 634 2496 difficillimum
657 2432 700 2495 sit
723 2453 851 2496 servare
876 2431 1034 2497 ‘sanctam
1058 2434 1156 2498 socie-

152 2518 277 2584 tatem'.
325 2519 512 2585 Declaravit
543 2520 577 2584 id
608 2520 703 2585 medo
736 2519 902 2584 temeritas
935 2518 970 2584 Ο.
997 2518 1155 2604 Caesaris,

153 2608 209 2692 qui
236 2608 345 2672 omnia
371 2608 443 2672 iura
466 2608 573 2672 divina
601 2611 634 2671 et
660 2608 802 2672 humana
832 2607 990 2692 pervertit
1020 2611 1155 2691 propter

152 2718 235 2779 eum,
259 2718 353 2780 quem
377 2696 440 2760 sibi
461 2696 531 2781 ipse
555 2695 715 2780 opinionis
737 2716 845 2760 errore
867 2694 1015 2779 finxerat,
1039 2695 1156 2779 princi-

152 2788 273 2868 patum.
309 2784 371 2848 Est
394 2788 502 2848 autem
524 2784 559 2847 in
580 2784 643 2848 hoe
665 2804 782 2868 genere
804 2782 987 2867 molestum,
1013 2783 1099 2867 qued
1121 2784 1156 2847 in

152 2870 302 2936 maximis
326 2871 441 2935 animis
461 2871 790 2956 splendidissimisque
808 2871 948 2957 ingeniis
965 2872 1155 2956 plerumque

153 2960 296 3022 existunt
309 2958 452 3042 honoris,
470 2959 607 3044 imperii,
624 2959 799 3043 potentiae,
816 2959 940 3044 gloriae
954 2960 1156 3045 cupiditates.

154 3044 223 3120 Quo
247 3045 351 3130 magis
374 3047 550 3111 cavendum
573 3051 636 3129 est,
665 3069 706 3110 ne
729 3046 805 3130 quid
827 3046 862 3111 in
884 3069 922 3113 eo
947 3069 1063 3133 genere
1085 3069 1157 3133 pee-

100 3147 133 3196 27
154 3137 251 3198 cetur.
277 3131 339 3196 Sed
352 3132 386 3196 in
401 3135 489 3198 omni
502 3134 663 3200 iniustitia
675 3135 873 3219 permultum
887 3136 1031 3220 interest,
1045 3139 1156 3198 utrum

152 3220 397 3306 perturbatione
416 3222 525 3306 aliqua
544 3222 652 3307 animi,
675 3245 756 3307 quae
772 3223 962 3309 plerumque
979 3222 1086 3287 brevis
1106 3225 1156 3286 est

153 3313 186 3374 ct
214 3309 254 3373 ad
281 3312 426 3393 tempus,
458 3332 500 3374 an
531 3312 677 3376 consulto
710 3314 744 3377 ct
772 3311 917 3398 cogitata
943 3311 1002 3374 fiat
1027 3309 1155 3374 iniuria.

152 3395 290 3462 Leviora
317 3396 403 3460 enim
433 3402 509 3463 sunt
536 3421 585 3483 ea,
618 3421 700 3484 quae
731 3399 899 3485 repentino
927 3397 1037 3481 aliquo
1064 3402 1157 3463 motu

92 3485 314 3630 *accidunt
342 3507 439 3569 quam
467 3508 518 3573 ea,
545 3509 627 3571 quae
654 3487 811 3553 meditata
835 3488 868 3551 et
889 3488 1084 3572 praeparata
1110 3487 1157 3552 in-

152 1993 238 2077 apud
