2476 3848
543 190 781 254 -432-

159 351 306 433 sentiret3
325 371 421 434 quam
439 349 530 432 bene,
548 370 614 413 non
633 349 806 432 quaeritur,
826 351 1012 412 constanter
1031 349 1167 432 quidem

160 442 254 503 certe.
307 438 420 522 Itaque
453 438 533 502 mihi
565 438 689 520 placere
720 458 786 501 non
817 436 903 501 solet
934 439 1167 520 consequentia

159 526 403 610 reprehendere,
426 548 497 590 cum
520 526 625 608 prima
647 524 848 589 concesseris.
885 522 948 588 Hic
968 527 1076 588 autem
1101 527 1166 590 ele-

160 615 368 699 gantissimus
396 615 538 678 omnium
568 612 834 696 philosophorum
862 615 895 675 et
924 612 1165 678 eruditissimus

159 725 227 767 non
248 724 443 787 magnopere
470 700 726 785 reprehenditur,
752 722 823 765 cum
851 701 915 764 tria
944 721 1063 784 genera
1085 701 1168 766 dicit

159 791 332 873 bonorum,
357 793 491 854 vexatur
520 793 627 853 autem
655 789 695 852 ab
724 788 871 852 omnibus
898 789 1038 870 primum
1067 789 1104 853 in
1127 811 1165 856 eo

160 879 256 962 libro,
280 900 373 962 quem
397 877 526 960 scripsit
548 878 586 940 de
609 878 676 941 vita
699 877 807 959 beata,
830 877 864 939 in
888 898 950 960 quo
974 876 1078 940 multa
1101 878 1166 942 dis·

160 970 267 1049 putat,
290 988 386 1050 quam
412 966 452 1029 ob
478 987 544 1029 rem
570 966 612 1048 is,
630 964 684 1048 qui
701 968 902 1049 torqueatur,
921 964 976 1048 qui
995 965 1166 1049 crucietur,

160 1054 272 1118 heatus
300 1075 369 1118 esse
396 1075 462 1119 non
490 1054 602 1137 possit.
646 1051 684 1116 In
712 1073 749 1116 eo
773 1053 871 1116 etiam
902 1055 1036 1135 putatur
1059 1052 1165 1118 dicere

160 1142 195 1205 in
218 1145 324 1206 rotam
347 1143 395 1223 [id
414 1146 464 1207 est
482 1163 581 1227 genus
606 1141 766 1225 quoddam
790 1141 945 1205 tormenti
964 1141 1049 1223 apud
1068 1140 1167 1207 Grae·

160 1231 228 1310 cos]
258 1231 386 1295 beatam
413 1231 513 1294 vitam
539 1250 604 1293 non
632 1229 810 1294 escendere.
861 1230 935 1294 Non
962 1251 1100 1313 usquam
1132 1229 1166 1294 id

158 1319 289 1402 quidem
317 1319 395 1382 dicit
422 1317 565 1398 omnino,
594 1315 664 1399 sed,
696 1337 776 1400 quae
808 1315 897 1395 dicit,
929 1318 1014 1381 idem
1044 1319 1164 1383 valent

108 1427 141 1475 25
161 1406 297 1471 Possum
319 1406 432 1489 igitur,
454 1405 505 1469 oui
527 1405 739 1469 concesserim
766 1403 800 1465 in
822 1402 916 1466 malis
940 1423 1009 1467 esse
1035 1405 1164 1471 dolores

159 1495 315 1577 corporis,
338 1494 372 1556 in
391 1493 484 1557 malis
502 1492 672 1576 naufragia
693 1491 857 1573 fortunae,
878 1489 954 1554 huic
977 1513 1164 1557 suscensere

161 1583 278 1646 dicenti
304 1602 371 1645 non
399 1582 502 1646 omnis
530 1582 631 1644 bonos
655 1601 723 1644 esse
746 1579 873 1662 beatos,
900 1599 972 1643 cum
999 1579 1033 1643 in
1057 1582 1163 1644 omnis

161 1670 264 1735 bonos
283 1691 335 1750 ea,
359 1691 440 1753 quae
462 1669 516 1732 ille
535 1669 570 1731 in
588 1668 683 1732 malis
700 1669 862 1750 numerat,
885 1667 996 1730 cadere
1014 1667 1162 1750 possint?

161 1757 304 1822 Vexatur
321 1757 406 1820 idem
420 1755 660 1838 Theophrastus
674 1759 706 1818 et
723 1755 816 1818 libris
831 1758 864 1818 et
882 1755 1000 1819 scholis
1018 1757 1164 1820 omnium

161 1844 439 1927 philosophorum,
463 1843 548 1926 quod
566 1843 600 1907 in
619 1841 818 1907 Callisthene
837 1864 894 1908 suo
913 1843 1053 1906 laudarit
1072 1844 1165 1908 illam

162 1933 368 1997 sententiam:

227 2053 356 2118 Vitam
378 2053 480 2136 regit
501 2052 670 2136 fortuna,
691 2075 765 2118 non
790 2053 990 2137 sapie‘ntia.

108 2250 111 2256 .
160 2193 291 2277 Negant
326 2193 366 2256 ab
398 2193 466 2257 ullo
503 2192 696 2276 philosopho
732 2195 903 2278 quicquam
939 2194 1061 2258 dictum
1094 2217 1165 2260 esse

161 2281 356 2364 languidius.
399 2280 498 2345 Reate
521 2281 554 2344 id
578 2282 716 2364 quidem,
739 2282 794 2346 sed
817 2282 901 2345 nihil
922 2283 1077 2366 intellego
1101 2284 1165 2348 dici

160 2370 305 2453 potuisse
337 2370 544 2434 constantius.
600 2368 634 2434 si
664 2371 747 2433 enim
780 2374 831 2434 tot
863 2373 937 2434 sunt
968 2371 1001 2434 in
1031 2391 1165 2454 corpore

161 2459 259 2542 bona,
288 2461 339 2523 tot
362 2462 453 2522 extra
475 2479 589 2540 corpus
612 2458 647 2520 in
668 2480 742 2522 casu
766 2462 861 2541 atquc
885 2459 1030 2540 fortuna,
1057 2479 1164 2524 nonne

161 2550 410 2610 consentaneum
433 2548 483 2608 est
504 2547 578 2628 plus
601 2546 775 2630 fortunam,
802 2569 881 2630 quae
904 2546 1036 2610 domina
1057 2568 1165 2611 rerum

162 2635 206 2698 sit
232 2638 265 2698 et
291 2636 493 2697 externarum
521 2637 554 2697 et
585 2635 624 2698 ad
654 2656 766 2716 corpus
795 2635 1037 2717 pertinentium,
1068 2654 1166 2716 quam

109 2735 143 2783 26
162 2722 330 2786 consilium
356 2722 484 2785 valere?
538 2721 591 2785 An
623 2722 780 2786 malumus
812 2721 986 2804 Epicurum
1019 2721 1166 2786 imitari?

163 2810 218 2895 qui
241 2811 344 2874 multa
366 2810 528 2893 praeclare
552 2832 646 2893 saepe
669 2810 758 2892 dicit,
782 2831 877 2892 quam
896 2810 981 2873 enim
1005 2809 1068 2873 sibi
1091 2831 1166 2875 con·

162 2902 285 2963 stanter
313 2899 601 2982 convenienterque
628 2899 724 2980 dicat,
755 2918 822 2961 non
852 2897 986 2962 laborat.
1037 2895 1167 2962 Laudat

161 2991 289 3050 tenuem
308 2987 439 3051 victum.
475 2985 663 3069 Philosophi
681 2985 714 3048 id
733 2985 874 3068 quidem,
895 2986 950 3049 sed
969 2985 996 3048 si
1015 2982 1167 3051 Socrates

163 3077 219 3136 aut
246 3075 455 3139 Antisthenes
484 3075 615 3156 diceret,
642 3095 706 3137 non
732 3073 775 3150 is,
803 3073 858 3156 qui
884 3073 980 3136 finem
1006 3072 1167 3139 bonorum

162 3161 363 3242 voluptatem
391 3185 460 3226 esse
492 3162 613 3226 dixerit,
666 3160 774 3244 Negat
806 3182 997 3244 quemquam
1028 3161 1167 3226 iucunde

162 3270 255 3330 posse
287 3250 408 3332 vivere,
439 3250 503 3314 nisi
535 3251 620 3313 idem
651 3249 798 3332 honeste,
826 3250 988 3332 sapienter
1018 3249 1167 3333 iusteque

162 3336 258 3399 vivat.
307 3336 400 3401 Nihil
427 3339 571 3422 gravius,
597 3337 679 3402 nihil
706 3337 913 3420 philosophia
938 3336 1079 3421 dignius,
1102 3338 1168 3402 nisi

161 3423 247 3488 idem
269 3424 331 3489 hoc
354 3425 460 3507 ipsum
485 3425 647 3509 honeste,
670 3426 845 3508 sapienter,
867 3423 967 3489 iuste’
992 3425 1032 3488 ad
1053 3424 1169 3509 volup·

161 3516 260 3577 tatem
284 3512 426 3577 referret.
472 3512 554 3589 Quid
577 3513 688 3576 melius
711 3534 807 3596 quam
832 3513 995 3577 fortunam
1016 3512 1171 3598 exiguam
