2476 3848
473 220 511 229 -
560 183 625 250 513
672 220 710 229 -

84 340 210 408 uitrico
232 348 331 424 unqu
369 343 478 425 uicta
500 344 578 425 tutte
596 362 665 409 mou
682 344 736 408 teo
754 340 1099 423 succenturiatus

84 429 241 511 griectildqe
264 432 410 513 &quitur
437 433 470 498 tu
496 431 636 514 litterum
659 420 842 512 theaetris
867 433 993 511 qeuotea.
1039 435 1098 493 Res

82 540 155 582 vero
177 522 272 583 bonas
298 523 398 585 verbis
427 525 532 584 electis
559 525 694 602 graviter
721 526 884 601 ornateque
910 523 1006 582 dictas
1030 523 1097 600 quis

82 629 143 670 non
165 611 271 689 legat?
285 645 327 654 —
342 609 418 691 thret
438 610 470 675 iu
488 611 607 676 (tirum
627 609 716 689 tituli
738 610 872 688 mutatur
893 609 961 690 alvei
980 610 1097 689 &celtu

82 695 127 759 tie
146 694 194 776 liet
214 708 271 763 cuc
290 698 426 764 eiuouter
444 704 564 764 neuneu
582 698 708 780 uolitet,
730 698 793 764 eine
810 696 941 777 remittis
958 697 1016 762 unt
1037 697 1097 761 ciue

81 781 247 865 qnertilcte.
280 785 323 851 (tr
336 799 400 852 tuor
412 787 459 852 eia
473 788 589 862 atenac
604 787 663 852 aab
678 787 873 852 lieuuuterer
888 786 937 850 ter
952 783 1097 868 (trieries,

82 871 149 936 uber
171 872 292 954 quqicitt
311 875 383 940 uter
405 873 599 942 (trttcmocie
625 876 788 956 atqcueiqt,
811 874 908 955 uciche
931 893 961 939 er
979 876 1027 939 ula
1050 874 1097 940 eiu

80 962 212 1024 insolens
231 966 465 1026 domesticarum
482 986 585 1026 rerum
602 967 761 1026 fastidium
778 964 918 1044 beliniett.
946 962 1002 1040 8111
1015 963 1097 1040 Bura

19 1108 22 1114 .
79 1048 149 1113 tiber
181 1050 270 1128 tielec
303 1052 454 1133 cernetur
485 1053 636 1133 ilhtetuen
672 1053 820 1134 rtruilrter
852 1053 1097 1118 ssitteroturucrte

79 1134 142 1216 {ufir
165 1156 196 1202 er
222 1138 271 1220 litt
300 1140 361 1220 tier
388 1141 472 1222 loqur
499 1158 533 1221 3¹1
561 1141 610 1206 ter
638 1141 834 1222 lietouptuuq
863 1139 1025 1220 uaccae,
1052 1141 1098 1205 tie

78 1225 210 1306 rtmilcte
229 1226 357 1310 &pratu
379 1229 418 1309 lei
440 1228 512 1307 nicht
535 1229 623 1294 ateio
646 1229 719 1310 uicti
743 1234 845 1312 timu,
869 1229 992 1309 unum
1012 1230 1097 1310 loqur

78 1312 181 1393 reitter
204 1318 252 1381 ula
275 1315 320 1381 tie
344 1315 505 1399 guerttlcte.

145 1485 292 1555 Primum
315 1493 429 1576 igitur,
457 1492 579 1577 inquit,
603 1492 649 1557 sic
674 1511 783 1577 agam,
810 1493 848 1554 ut
874 1490 938 1573 ipsi
966 1491 1123 1555 auctorit)

75 1575 172 1641 huius
196 1579 384 1664 disciplinae
403 1580 523 1664 placet:
546 1580 753 1659 constituam,
777 1578 854 1662 quid
878 1581 911 1642 et
934 1579 1028 1662 quale
1048 1579 1092 1643 sit

76 1663 118 1747 id,
141 1665 179 1729 de
203 1689 267 1752 quo
291 1668 485 1753 quaerimus,
507 1691 574 1734 non
598 1691 661 1752 quo
683 1668 835 1752 ignorare
859 1687 918 1731 vos
942 1666 1091 1752 arbitrer,

75 1753 132 1817 sed
165 1758 201 1819 ut
233 1758 359 1821 ratione
393 1762 426 1821 et
456 1758 510 1822 via
541 1757 696 1842 procedat
732 1755 846 1819 oratio.
897 1754 1089 1831 Quaerimus

73 1840 185 1927 igitur,
209 1844 286 1929 quid
310 1847 353 1910 sit
377 1849 556 1910 extremum
581 1850 613 1910 et
634 1846 785 1910 ultimum
803 1843 978 1927 bonorum3
1003 1844 1090 1927 quod

75 1931 218 1995 omnium
241 1933 511 2018 philosophorum
539 1933 702 1999 sententia
724 1932 790 1997 tale
814 1931 911 1995 debet
938 1952 1023 2014 esse,
1051 1937 1090 1996 ut

74 2018 114 2082 ad
138 2019 171 2082 id
196 2021 304 2084 omnia
327 2024 441 2087 referri
464 2027 628 2107 oporteat,
656 2022 763 2106 ipsum
787 2023 896 2085 autem
918 2041 1088 2103 nusquam.

73 2103 145 2170 Hoc
157 2106 318 2190 Epicurus
333 2109 549 2194 inuoluptate
563 2111 665 2194 ponit,
685 2109 771 2195 quod
790 2129 953 2172 summum
966 2108 1088 2173 bonum

72 2213 143 2256 esse
162 2196 242 2279 vult,
265 2218 492 2282 summumque
511 2200 632 2263 malum
651 2198 805 2282 dolorem,
828 2197 924 2282 idque
944 2197 1088 2262 instituit

73 2280 186 2345 docere
219 2283 279 2348 sic:
316 2282 419 2348 Omne
452 2286 588 2371 animal,
625 2286 723 2350 simul
756 2289 853 2369 atque
889 2281 1004 2349 natum
1036 2286 1086 2368 sit,
1105 2303 1139 2352 30

71 2368 274 2452 voluptatem
302 2376 454 2457 appetere
482 2396 581 2458 eaque
609 2375 750 2461 gaudere
777 2377 814 2436 ut
841 2393 967 2436 summo
991 2374 1086 2456 bone,

73 2455 217 2523 dolorem
250 2462 419 2545 aspernari
446 2466 484 2526 ut
511 2484 671 2527 summum
699 2460 821 2525 malum
849 2464 894 2543 et,
926 2462 1085 2542 quantum

71 2546 190 2631 possit,
213 2571 233 2613 a
256 2571 290 2614 se
312 2550 484 2636 repellere,
513 2551 609 2635 idque
633 2551 737 2614 facere
764 2547 908 2613 nondum
931 2547 1083 2629 depreva-

71 2637 155 2719 tum,
183 2636 255 2720 ipsa
281 2644 397 2704 natura
422 2638 607 2722 incorrupte
638 2642 734 2722 atque
762 2631 887 2720 integre
910 2634 1082 2700 iudicante.

70 2720 185 2808 Itaque
216 2732 316 2812 negat
348 2749 429 2811 opus
460 2749 529 2792 esse
560 2727 685 2792 ratione
717 2746 821 2808 neque
854 2722 1084 2807 disputatione,

70 2832 168 2893 quam
187 2815 228 2879 ob
252 2837 320 2879 rem
345 2817 496 2900 voluptas
516 2814 702 2898 expetenda,
725 2810 895 2896 fugiendus
915 2810 1007 2874 dolor
1028 2811 1081 2874 sit.

70 2895 190 2963 Sentiri
208 2902 288 2966 haec
307 2905 411 2985 putat,
429 2907 466 2966 ut
484 2903 587 2966 calere
606 2903 726 2986 ignem,
744 2901 852 2964 nivem
871 2919 941 2963 esse
962 2898 1081 2984 albam,

68 2985 133 3048 mel
153 2986 258 3071 dulce,
284 3011 419 3072 quorum
438 2990 521 3054 nihil
541 2995 690 3072 oportere
710 2988 878 3072 exquisitis
898 2987 1080 3052 rationibus

69 3073 274 3158 confirmare,
310 3081 438 3141 tantum
475 3077 555 3141 setis
589 3098 658 3140 esse
696 3077 876 3140 admonere.
921 3073 1080 3140 Interesse

68 3161 154 3225 enim
182 3163 267 3226 inter
295 3168 523 3248 argumentum
550 3165 852 3248 conclusionemque
881 3163 1018 3228 rationis
1047 3168 1080 3228 et

68 3250 152 3313 inter
165 3251 358 3315 mediocrem
373 3251 683 3318 animadversionem
698 3255 795 3337 atque
810 3252 1079 3334 admonitionem

66 3337 171 3403 altera
190 3340 317 3404 occulta
336 3339 493 3425 quaedam
507 3344 541 3405 et
555 3341 647 3424 quasi
664 3340 811 3404 involuta
829 3341 957 3423 aperiri,
977 3342 1079 3404 altere

66 3433 218 3511 prompta
241 3432 274 3493 et
292 3432 404 3513 aperta
425 3428 570 3495 iudicari.
601 3429 735 3495 Etenim
753 3429 905 3514 queniam
924 3428 1077 3492 detractis

66 3514 106 3578 de
128 3516 260 3582 homine
284 3520 432 3584 sensibus
450 3518 568 3602 reliqui
585 3518 669 3582 nihil
687 3521 746 3602 est,
768 3536 899 3582 necesse
918 3519 975 3600 est,
999 3515 1077 3599 quid

124 3627 305 3684 uellentne,
321 3630 364 3677 uto
379 3629 494 3687 pullularat.
509 3628 627 3687 artritica.
889 3624 929 3671 δ’ὁ
