2476 3848
71 3378 136 3568 ,Ἰ

395 1388 442 1459 Μ.
472 1386 632 1458 TULLII
659 1385 904 1458 CICERONIS

216 1549 636 1636 TUSCULANARUM
668 1547 1094 1634 DISPU'FATIONUM

512 1695 560 1748 AD
580 1695 616 1747 Μ.
635 1695 788 1750 BRUTUM

489 1825 610 1884 uranu
633 1825 822 1903 cornuue,

151 1942 228 2020 QUI
251 1942 394 2007 DOOET
417 1941 641 2007 VIRTUTEM
663 1942 723 2008 AD
746 1943 890 2009 ΒΕΑΤΕ
914 1943 1158 2012 VIVENDUM

352 2045 402 2110 SE
425 2045 523 2112 IPSA
546 2046 650 2113 ESSE
675 2046 951 2114 CONTENTAM.

476 2281 826 2342 ARGUMENTUM.

221 2396 282 2452 Hoc
295 2396 366 2451 libro
382 2395 473 2464 quinti
487 2397 543 2451 diei
557 2397 710 2466 disputatio
725 2398 895 2465 continetur,
914 2414 969 2465 qua
986 2397 1157 2454 virtutem

151 2467 192 2522 ad
205 2467 304 2522 beate
317 2466 498 2521 vivendum
513 2485 546 2522 se
560 2469 634 2537 ipsa
648 2485 720 2524 esee
734 2470 928 2522 contentam
938 2467 1156 2524 demonstratur.

150 2538 192 2593 Ac
209 2536 329 2607 primum
349 2537 461 2606 quidem
479 2539 740 2594 mathematicorum
757 2554 835 2593 more
849 2537 945 2593 Cicero
963 2538 1061 2606 exiis,
1082 2556 1156 2608 quae

151 2609 216 2663 ante
249 2607 291 2662 dis
311 2609 391 2662 utata
418 2609 509 2676 eraut,
536 2608 659 2664 breviter
686 2608 796 2663 conficit
821 2607 867 2676 id,
895 2607 971 2676 quod
997 2609 1156 2676 quaeritur;

152 2678 252 2734 deinde
324 2677 555 2748 philosophorum
572 2679 685 2734 modum
702 2677 744 2733 ita
762 2679 864 2733 dehac
879 2677 1041 2746 quaestione
1060 2678 1157 2750 dispu-

150 2752 206 2816 tat,
233 2751 378 2818 tamquam
405 2749 591 2831 superioribus
619 2748 716 2803 diebus
742 2748 813 2802 nihil
835 2747 873 2802 uit
896 2748 1063 2818 disputando
1091 2767 1157 2805 con·

149 2820 261 2875 fectum.
308 2821 381 2875 Nam
407 2836 528 2888 prmum
551 2817 685 2888 ostendit,
712 2817 737 2873 ei
760 2818 870 2887 sapiens
894 2818 1021 2876 omuibus
1045 2823 1157 2888 pertur-

151 2889 311 2945 bationibus
336 2890 407 2945 liber
432 2890 480 2958 ait,
505 2907 561 2944 non
581 2905 664 2958 porse
687 2905 743 2944 non
765 2889 879 2944 beatum
902 2890 1057 2959 sapientem
1085 2907 1157 2959 eaae,

152 2959 239 3027 quod,
269 2959 317 3028 qui
340 2959 448 3014 inillis
471 2961 534 3027 sint,
565 2959 660 3014 miseri
687 2959 743 3014 sint
764 2959 929 3015 necessario.
974 2959 1065 3026 Quare
1091 2978 1158 3016 cum

150 3029 240 3083 virtus
257 3031 513 3098 perturbationibus
530 3030 590 3085 oola
608 3030 722 3099 liberet,
740 3031 873 3086 virtutem
890 3029 1046 3086 necessario
1065 3031 1158 3087 solam

150 3098 264 3153 beatum
291 3101 432 3156 hominem
459 3101 568 3156 efficere
596 3105 667 3172 (cap.
697 3104 792 3171 1-6).
835 3101 869 3156 Iu
893 3118 947 3170 quo
974 3101 1159 3170 reprehendit

150 3170 274 3223 veterem
292 3170 522 3225 Academicorum
540 3173 569 3226 et
586 3172 836 3242 Peripateticorum
853 3171 1084 3240 inconstantiam,
1107 3174 1159 3241 qui

151 3256 214 3293 cum
240 3239 297 3293 tria
324 3257 426 3309 genera
452 3241 588 3296 bonorum
613 3243 756 3308 fecissent,
785 3242 874 3296 uolam
900 3245 996 3297 tamen
1021 3242 1159 3299 virtutem

151 3309 272 3363 dixerint
291 3311 357 3363 satie
376 3311 405 3363 in
423 3326 453 3365 ee
471 3312 588 3379 habere,
608 3312 632 3367 ei
648 3329 705 3366 non
723 3312 760 3367 ad
777 3310 981 3382 beatissimam,
1003 3315 1101 3370 tumen
1118 3315 1159 3370 ad

150 3380 264 3434 beatam
286 3381 374 3435 vitam
397 3381 468 3450 (cap.
489 3385 603 3452 7-13).
651 3382 759 3437 Deinde
781 3382 876 3438 multia
900 3399 963 3437 oum
984 3399 1016 3438 ar
1083 3384 1160 3441 entis

147 3449 207 3505 tum
223 3450 358 3523 exemplis
371 3451 516 3505 hominum
530 3454 559 3506 et
567 3452 731 3507 vitiosorum
745 3455 775 3507 et
783 3451 894 3508 virtutis
907 3452 991 3508 laude
1002 3401 1161 3511 iffifium
