2476 3848
496 226 537 236 -
583 192 734 254 452-

113 354 305 418 tractatione
323 354 424 418 libere
444 351 547 415 dicere
566 349 718 415 auderent
704 351 889 433 tsapientis
903 372 972 414 esse
987 371 1124 434 semper

114 441 332 521 beatissimos,
361 440 394 502 id
424 439 520 503 velim
550 439 670 518 audire,
704 460 798 522 quem
828 437 868 502 ad
900 439 1030 503 modum
1063 439 1122 505 his

113 532 207 612 putes
230 530 477 592 consentaneum
501 549 570 591 esse
593 527 625 590 id
649 489 761 591 dicere.
803 526 907 590 Multa
929 527 1016 591 enim
1039 549 1062 591 a
1085 532 1124 594 te

114 619 226 682 contra
239 617 336 679 istam
351 616 544 679 sententiam
559 615 623 678 dict
610 619 644 678 ta
659 618 733 678 sunt
747 618 830 678 et
793 613 861 679 S
832 636 973 680 orcorum
986 615 1123 681 ratione
1236 667 1238 676 ,

114 705 272 768 conclusa.

62 802 95 851 83
179 794 227 857 M.
248 792 388 857 Utamur
406 792 505 876 igitur
523 792 683 873 libertate,
700 814 763 875 qua
781 792 874 856 nobis
894 790 972 855 solis
990 791 1026 855 in
1044 792 1123 875 phi·

112 881 260 963 losophia
287 881 363 944 licet
391 882 451 962 uti,
479 901 614 964 quorum
641 880 744 944 oratio
770 878 850 942 nihil
882 879 953 963 ipsa
982 878 1122 965 iudicat,

115 969 169 1032 sed
196 968 334 1031 habetur
359 968 394 1031 in
421 968 525 1032 omnis
552 967 666 1050 partis,
693 971 730 1030 ut
752 967 792 1031 ab
816 967 887 1030 aliis
914 966 1021 1049 possit
1043 969 1122 1051 ipsa

113 1077 171 1138 per
203 1077 272 1118 sese
308 1055 430 1118 nullius
463 1055 651 1120 auctoritate
688 1055 838 1119 adiuncta
868 1054 1012 1119 iudicari.
1073 1056 1121 1122 ut

113 1143 264 1227 quoniam
297 1143 415 1206 videris
449 1142 510 1207 hoo
540 1144 633 1226 velle,
665 1146 714 1226 ut,
744 1165 960 1228 quaecumque
992 1144 1121 1211 diesem

112 1231 262 1294 tientium
280 1230 546 1313 philosophorum
563 1232 722 1296 sententia
741 1232 784 1296 sit
802 1232 840 1296 de
858 1232 984 1312 finibus,
1002 1236 1121 1298 tamen

112 1319 213 1382 virtus
237 1319 316 1382 satis
344 1318 464 1382 habeat
486 1318 526 1382 ad
555 1320 655 1382 vitam
681 1320 810 1383 beatam
836 1319 1003 1402 praesidii,
1029 1322 1120 1405 quod

113 1407 241 1491 quidem
265 1405 462 1471 Carneadem
489 1407 652 1489 disputare
676 1407 808 1470 solitum
836 1407 1030 1491 accepimns3
1060 1410 1120 1475 scd

113 1496 155 1573 is,
182 1498 218 1558 ut
245 1500 357 1558 contra
385 1493 523 1576 Stoicos,
550 1517 630 1579 quos
659 1494 890 1559 studiosissime
916 1516 1045 1578 semper
1068 1519 1119 1562 re·

114 1583 257 1664 fallebat,
287 1585 319 1646 11
340 1587 453 1648 eontra
475 1604 609 1665 quorum
632 1582 834 1666 disciplinam
855 1582 1022 1667 ingenium
1046 1586 1119 1650 eius

114 1676 288 1754 exarserat,
320 1693 378 1734 nos
411 1671 538 1755 quidem
570 1671 649 1734 illud
682 1692 753 1735 eum
783 1692 862 1753 pace
894 1690 1034 1754 agemus.
1081 1672 1118 1737 Si

114 1760 198 1823 enim
226 1757 326 1823 Stoici
352 1759 425 1822 finis
453 1759 608 1822 bonorum
631 1762 718 1822 recte
740 1758 939 1841 posiverunt,
968 1757 1120 1825 confecta

113 1869 164 1910 res
192 1849 254 1910 est:
281 1868 409 1910 necesse
437 1849 486 1909 est
513 1868 636 1928 semper
669 1847 797 1909 beatum
825 1867 894 1910 esse
926 1847 1120 1929 sapientem.

61 1946 95 1994 84
114 1932 176 1998 Sed
195 1955 500 2019 quaeramus-unam
518 1955 676 2017 quamque
694 1933 892 2017 reliquorum
909 1934 1119 2020 sententiam,

114 2022 142 2084 si
173 2022 244 2084 fieri
276 2024 395 2103 potest,
427 2025 464 2084 ut
494 2021 556 2084 hoc
587 2022 787 2103 praeclarum
824 2022 915 2105 quasi
950 2021 1120 2090 decretum

113 2109 225 2171 beatae
252 2109 336 2170 vitae
364 2108 468 2189 possit
500 2109 642 2171 omnium
674 2110 841 2173 sententiis
871 2113 903 2173 et
935 2108 1120 2194 disciplinis

114 2215 291 2258 convenire.

61 2279 104 2343 30
180 2280 261 2347 Sunt
247 2284 396 2345 tantem
423 2282 501 2346 haec
524 2282 562 2346 de
587 2283 717 2365 finibus,
747 2288 784 2347 ut
814 2284 941 2367 opinor,
970 2289 1122 2355 retentae

113 2370 323 2455 defensaeque
360 2393 415 2434 sen
417 2371 551 2434 tentiae:
587 2371 725 2453 primum
760 2370 921 2454 simplices
953 2377 1123 2461 quattuor,

112 2460 196 2524 nihil
228 2460 348 2523 bonum
379 2459 443 2523 nisi
469 2458 651 2542 honestum,
677 2463 715 2523 ut
741 2457 856 2543 Stoici,
882 2460 964 2524 nihil
993 2428 1123 2529 honuni

112 2549 176 2612 nisi
198 2547 411 2630 voluptatem,
432 2551 471 2610 ut
488 2546 660 2630 Epicurus,
682 2548 763 2611 nihil
785 2548 906 2612 bonum
928 2548 991 2613 nisi
1008 2554 1123 2617 vacui·

112 2640 213 2700 tatem
240 2637 367 2718 doloris,
397 2597 433 2698 iit
459 2634 690 2718 Hieronymus,
716 2635 798 2698 nihil
824 2637 944 2701 bonum
972 2637 1038 2701 nisi
1062 2662 1122 2705 na·

112 2728 203 2788 turae
226 2724 340 2807 primis
364 2723 457 2787 bonis
482 2726 537 2786 aut
556 2724 703 2787 omnibus
728 2727 783 2787 aut
803 2725 961 2788 maxumis
983 2724 1060 2810 frui,
1083 2735 1124 2793 ut

114 2748 291 2877 corsoides
312 2815 385 2875 cont
382 2833 422 2874 ra
371 2809 565 2875 tStoicos
589 2812 772 2876 disserebat.
807 2811 926 2877 Haec
917 2812 977 2897 rgit
978 2835 1016 2876 ur
1040 2815 1122 2881 sim·

61 2917 94 2965 85
113 2900 220 2982 plicia,
239 2900 296 2963 illa
315 2900 429 2962 mixta:
447 2898 511 2962 tria
528 2918 646 2982 genera
659 2900 824 2982 bonorum,
843 2922 993 2964 maxuma
1006 2903 1123 2988 animi,

114 2987 251 3050 secunda
279 2986 728 3070 corporis,externatert't1a,
757 2991 794 3050 ut
820 2987 1028 3071 Peripatetici
1058 3013 1124 3057 nee

113 3075 214 3138 multo
242 3080 295 3138 vet
297 3096 364 3138 eres
392 3072 577 3138 Academici
605 3096 708 3157 secus3
736 3075 934 3158 voluptatem
961 3098 1035 3143 cum
1060 3078 1122 3145 hc-

113 3183 169 3224 nes
171 3165 237 3224 tate
255 3160 477 3226 Dinomachus
496 3166 529 3226 et
547 3160 694 3246 Callipho
712 3162 886 3246 copulavit,
903 3163 1123 3233 indolentiam

115 3253 170 3311 aut
171 3271 222 3312 em
240 3249 391 3313 honestat
342 3250 653 3333 ttiPeripateticus
671 3250 832 3315 Diodorus
852 3252 1007 3316 adiunxit.
1044 3252 1124 3321 Hae

114 3339 188 3398 sunt
206 3357 263 3399 sen
264 3339 384 3401 tentiae
389 3359 496 3421 ,quae
515 3339 701 3403 stabilitatis
721 3338 841 3422 aliquid
861 3340 1017 3424 habeant,
1040 3363 1124 3409 nam

113 3421 276 3487 Aristoma
282 3387 505 3508 ,Pyrihonis,
528 3425 622 3489 Erilli
644 3448 710 3491 non
733 3427 955 3511 nullorumque
979 3389 1125 3499 odorum

33 3425 318 3634 ΙὟ11111111111111
351 3511 395 3578 Η1
409 3512 484 3598 quid
499 3515 624 3598 possint
638 3515 704 3587 obt'
681 3519 791 3599 tmere,
805 3515 971 3579 rideamus
985 3519 1124 3587 omissis
