2436 3840
535 160 773 226 -478-

92 337 127 388 ol
146 321 267 387 exitum
295 341 361 385 non
390 319 543 405 potestis,
570 318 751 404 confugitis
768 319 811 383 ad
837 319 945 405 deum;
974 322 1071 388 cuius
1096 345 1170 408 ope

145 432 215 475 ram
238 408 385 496 profecto
408 430 473 474 nou
493 407 728 491 desideraretis,
751 408 779 472 si
801 408 985 474 inmensam
1009 415 1045 474 et
1069 411 1169 476 inter·

145 499 303 563 minatam
325 498 361 561 in
384 497 489 562 omnis
513 496 616 578 partis
641 496 899 578 magnitudinem
921 499 1101 582 regionum
1125 501 1169 565 vi·

145 587 278 672 daretis,
305 585 339 650 in
367 607 464 669 quam
489 605 522 648 se
551 584 683 649 iniciens
713 585 840 649 animus
864 590 897 651 et
919 586 1097 652 intendens
1121 589 1169 653 ita

145 676 210 741 late
242 676 406 758 longeque
437 673 677 758 peregrinatur,
709 677 747 737 ut
777 672 902 737 nullam
931 679 1047 739 tamen
1077 699 1168 742 oram

145 764 254 829 ultimi
281 763 402 843 videat,
427 761 461 826 iu
490 783 553 844 qua
580 762 686 845 possit
711 761 869 826 insistere.
914 761 953 826 In
976 763 1041 827 hac
1065 765 1169 850 igitur

144 852 354 917 inmensitate
390 849 615 932 latitudinum,
656 849 913 934 longitudinum,
950 851 1167 918 altitudinum

144 940 273 1005 infinita
300 940 351 1004 vis
383 937 670 1003 innumerabilium
697 938 816 1003 volitat
848 942 1049 1023 atomorum,
1084 963 1167 1026 quae

145 1029 317 1094 interiecto
340 1027 431 1091 inani
459 1028 692 1091 cohaerescunt
719 1029 829 1114 tamen
855 1027 941 1091 inter
964 1050 999 1092 se
1023 1034 1058 1093 et
1083 1031 1167 1096 aliae

146 1117 228 1182 alias
253 1112 531 1199 adprehendentes
555 1114 798 1198 continuantu13
827 1137 866 1180 ex
889 1137 953 1200 quo
976 1115 1167 1184 efficiuntur

146 1228 202 1271 eae
231 1226 338 1270 rerum
369 1203 494 1268 formae
524 1206 557 1267 et
583 1203 721 1288 figurae,
754 1226 834 1288 quas
861 1226 919 1269 vos
952 1205 1038 1269 effici
1069 1229 1167 1290 posse

147 1295 217 1359 sine
239 1293 373 1358 follibus
403 1296 436 1357 et
463 1291 633 1356 incudibus
663 1313 730 1357 uon
756 1292 890 1375 putatis.
934 1292 1051 1377 ltaque
1076 1296 1166 1379 inpo

147 1383 257 1449 suistis
287 1382 323 1446 in
355 1379 533 1446 cervicibus
567 1380 688 1444 nostris
721 1382 955 1464 sempiternum
986 1383 1166 1468 dominum,

146 1494 241 1556 quem
261 1471 330 1535 dies
344 1474 378 1535 et
390 1473 503 1534 noctes
521 1469 719 1533 timeremus.
756 1466 835 1544 Quis
855 1470 943 1533 enim
962 1491 1030 1536 non
1048 1473 1167 1537 timeat

148 1566 257 1625 omnia
279 1559 504 1643 providentem
522 1561 556 1620 et
574 1558 770 1641 cogitantem
794 1561 828 1622 et
851 1558 1166 1625 animadvertentem

148 1653 181 1713 et
204 1650 312 1713 omnia
340 1648 381 1712 ad
405 1668 439 1710 se
467 1645 629 1729 pertinere
657 1650 826 1728 putantem
854 1646 1017 1710 curiosum
1041 1652 1075 1713 et
1098 1649 1165 1732 ple·

94 1749 128 1800 65
147 1758 226 1801 num
253 1735 378 1819 negotii
407 1735 524 1799 deum?
569 1733 655 1798 Hinc
682 1734 775 1799 vobis
804 1736 914 1799 extitit
940 1736 1084 1820 primum
1108 1738 1166 1802 illa

145 1825 257 1891 fatalis
280 1825 472 1905 necessitas,
503 1845 600 1906 quam
624 1819 826 1907 εἱμαρμένην
850 1823 971 1907 dicitis,
994 1829 1047 1908 ut,
1077 1826 1165 1910 quic·

147 1914 223 1998 quid
247 1913 381 1994 aecidat,
404 1912 436 1975 id
461 1934 498 1976 ex
523 1913 656 1975 aeterna
678 1911 813 1975 veritate
837 1932 1072 1996 causarumque
1092 1936 1165 1979 con-

146 2002 328 2066 tinuatione
351 2000 482 2063 fluxisse
506 1999 632 2063 dicatis.
678 1997 798 2075 Quanti
823 2003 931 2069 autem
954 2000 1037 2066 haec
1060 2002 1165 2085 philo·

147 2090 264 2172 sophia
290 2087 492 2152 aestimanda
521 2089 583 2169 est,
611 2087 663 2150 cui
690 2090 858 2170 tamquam
882 2088 1034 2173 aniculis,
1062 2096 1097 2155 et
1123 2091 1163 2155 iis

147 2177 276 2261 quidem
294 2175 443 2260 indoctis,
465 2175 536 2240 fato
559 2175 629 2238 fieri
652 2176 823 2240 videantur
842 2175 973 2240 omnia?
1009 2175 1164 2261 Sequitur

146 2265 285 2349 μαντικὴ
309 2267 430 2347 vestra,
459 2286 540 2348 quae
567 2261 684 2328 Latine
713 2264 908 2330 divinatio
937 2265 1069 2348 dicitur,
1100 2289 1162 2350 qua

145 2359 240 2419 tanta
266 2353 473 2418 inbueremur
506 2352 751 2436 superstitione,
783 2353 811 2417 si
839 2374 896 2417 vos
925 2353 1037 2418 audire
1066 2356 1164 2419 velle·

146 2465 227 2526 mus,
250 2447 287 2507 ut
304 2441 501 2526 haruspices,
521 2462 668 2527 augures,
691 2440 818 2525 harioli,
841 2445 942 2525 vates,
961 2442 1161 2508 coniectores

93 2545 127 2596 eo
145 2532 241 2597 nobis
265 2536 375 2596 essent
401 2531 537 2599 colendi.
582 2529 643 2593 His
666 2529 845 2594 terroribus
874 2530 915 2595 ab
942 2529 1089 2614 Epicuro
1114 2553 1163 2596 so

145 2621 209 2685 luti
233 2623 266 2684 et
287 2621 323 2685 in
341 2621 526 2685 libertatem
545 2618 701 2684 vindicati
717 2639 777 2682 nec
796 2619 969 2683 metuimus
989 2640 1055 2703 eos,
1079 2641 1161 2704 quos

145 2709 365 2794 intellegimus
397 2730 456 2773 nec
493 2708 556 2772 sibi
587 2707 710 2792 fingere
746 2706 847 2770 ullam
884 2707 1072 2772 molestiam
1103 2729 1163 2773 nec

147 2798 241 2862 alteri
273 2819 439 2881 quaerere,
476 2800 509 2860 et
540 2796 592 2878 pie
629 2799 803 2878 sancteque
835 2796 973 2860 colimus
1010 2800 1164 2861 naturam

146 2886 357 2952 excellentem
393 2889 491 2968 atque
526 2887 755 2966 praestantem.
809 2881 871 2948 Sed
908 2885 1014 2949 elatus
1053 2886 1163 2951 studio

146 2996 260 3038 vereor
286 2997 327 3039 ue
356 2973 485 3058 longior
512 2973 638 3037 fuerim.
686 2970 776 3035 Erat·
797 2977 905 3036 autem
933 2972 1066 3038 difficile
1094 2996 1164 3038 rem

146 3065 273 3125 tant-am
313 3065 443 3146 tamque
488 3062 689 3144 praeclaram
732 3059 920 3125 inchoatam
965 3062 1163 3147 relinquere3

147 3170 343 3233 quamquam
370 3152 526 3215 nontam
554 3149 680 3214 dicendi
707 3148 791 3212 ratio
820 3148 900 3212 mihi
926 3149 1078 3215 habenda
1102 3151 1165 3215 luit

147 3258 245 3320 quam
268 3237 426 3301 audiendi.

545 3363 759 3373 -----
