2476 3848
522 168 763 233 -190-

142 329 245 415 igitur
266 329 302 394 in
323 327 419 393 malis
441 327 504 393 hoc
526 331 636 392 tamen
658 327 736 392 boni
758 329 898 392 assecuti
925 328 1084 412 videmur,
1110 332 1150 393 11

143 439 182 482 11
211 416 330 481 litteris
362 415 600 497 mandaremus,
632 437 714 499 quae
739 437 800 480 nec
831 419 924 481 crant
956 415 1038 490 satis
1068 420 1150 481 nota

29 540 32 547 ·
141 505 264 570 nostris
295 508 329 569 et
361 507 454 568 erant
485 503 669 588 cognitione
701 503 901 588 dignissima.
951 502 1034 578 Quid
1062 504 1149 569 enim

142 597 206 676 est,
228 615 287 677 per
310 591 400 675 deos,
423 591 599 676 optabilius
623 591 796 676 sapientia,
819 591 896 675 quid
917 591 1148 676 praestantius,

143 680 220 764 quid
250 679 375 745 homini
406 679 522 743 melius
528 729 537 763 ,
574 679 651 763 quid
685 679 816 743 homine
849 678 1000 763 dignius?
1053 677 1148 744 Hanc

141 769 244 853 igitur
268 769 323 852 qui
346 771 508 851 expetunt,
531 765 719 851 philosophi
740 765 958 850 nominantur,
980 788 1039 832 nec
1062 767 1149 851 quic·

142 879 241 939 quam
259 855 347 920 aliud
366 859 416 918 111
432 854 649 939 philosophia,
672 853 700 917 si
717 853 927 938 interpretari
944 854 1035 938 11111,
1057 877 1148 940 praa

141 949 192 1008 ter
220 943 363 1007 studium
390 941 576 1026 sapientiae.
626 939 792 1025 Sapientia
823 945 933 1006 autem
963 946 1027 1026 111,
1059 947 1096 1008 11
1128 966 1149 1009 1

141 1031 304 1096 veteribus
327 1029 529 1114 philosophis
553 1029 719 1094 definitum
742 1032 805 1111 est,
834 1051 942 1094 rerum
966 1030 1147 1096 divinarum

142 1123 175 1183 et
205 1119 420 1182 humanarum
457 1138 702 1200 causarumque,
738 1118 855 1201 quibus
892 1139 948 1182 eae
984 1140 1036 1182 res
1072 1140 1146 1183 con·

140 1206 298 1290 tinantur,
326 1205 472 1289 scientia3
500 1204 589 1269 cuius
613 1204 754 1268 studium
778 1205 834 1288 qui
855 1205 1033 1290 vituperat,
1059 1206 1147 1270 haud

142 1316 220 1358 1111
246 1293 417 1379 intelleg0,
445 1292 598 1377 quidnam
625 1292 682 1375 sit,
713 1293 799 1377 quod
821 1292 1018 1357 laudandum
1044 1297 1147 1378 putet.

105 1380 228 1446 oNam
269 1381 336 1447 sive
382 1380 555 1445 oblectatio
602 1380 767 1465 quaeritur
813 1380 913 1445 animi
957 1381 1146 1466 requiesque

141 1492 303 1553 curarum,
341 1491 421 1553 quae
459 1467 597 1533 conferri
629 1491 703 1533 cum
734 1489 845 1533 eorum
877 1468 992 1533 studiis
1028 1472 1147 1554 potest,

141 1558 196 1642 qui
228 1579 355 1642 semper
386 1556 509 1640 aliquid
540 1556 727 1640 anquirunt,
759 1557 846 1641 quod
877 1559 1001 1640 spectet
1033 1560 1066 1620 et
1092 1579 1146 1622 11-

139 1647 207 1710 1111
239 1646 280 1710 ad
311 1647 391 1709 bene
428 1645 586 1728 beateque
622 1644 816 1708 vivendum?
853 1644 920 1708 sive
955 1644 1040 1708 ratio
1072 1665 1146 1709 con-

140 1733 281 1799 stantiae
316 1732 510 1815 virtutisque
543 1731 684 1814 ducitur,
721 1735 777 1795 aut
808 1732 888 1797 haec
920 1754 973 1797 ars
1007 1734 1056 1796 est
1087 1735 1146 1797 aut

140 1821 232 1886 nulla
252 1820 392 1902 omnino,
414 1841 473 1903 per
496 1841 594 1903 quam
612 1840 666 1883 eas
690 1840 908 1903 assequamur.
943 1818 1078 1885 Nullam
1101 1820 1146 1884 di·

101 1917 103 1922 ’
140 1931 211 1974 1111
235 1928 458 1972 maxumarum
480 1928 588 1970 rerum
612 1909 716 1971 artem
740 1928 818 1991 esse,
843 1930 916 1974 cum
938 1908 1145 1972 minimarum

140 1996 209 2060 sine
237 1999 306 2059 arte
332 1995 424 2058 nulla
451 1994 507 2076 sit,
534 1993 702 2058 hominum
730 1997 780 2058 est
806 2017 922 2079 parum
944 1995 1145 2060 considerate

140 2083 341 2166 loquentium
374 2085 471 2164 atque
502 2081 537 2144 in
566 2081 726 2146 maxumis
754 2083 850 2147 rebus
878 2083 1064 2147 errantium.
1109 2081 1145 2148 Si

139 2173 249 2234 autem
272 2173 322 2233 est
344 2169 455 2250 aliqua
477 2168 648 2253 disciplina
668 2170 810 2254 virtutis,
832 2170 888 2234 ubi
907 2191 945 2234 ea
963 2175 1156 2256 quaeretur,

139 2279 212 2323 oum
240 2258 281 2322 ab
307 2257 370 2322 hoc
398 2256 540 2321 discendi
567 2279 683 2342 genere
711 2258 917 2324 discesseris?
963 2256 1026 2322 Sed
1055 2259 1144 2344 haec,

139 2368 212 2411 cum
231 2345 271 2409 ad
288 2344 531 2429 philosophiam
549 2345 766 2429 cohortamur,
785 2345 965 2411 accuratius
984 2346 1144 2431 disputari

139 2433 258 2517 solent,
286 2433 371 2517 quod
398 2433 463 2496 alio
492 2433 631 2516 quodam
658 2433 743 2499 libro
771 2433 920 2517 fecimus,
949 2433 1012 2500 hoc
1034 2438 1144 2498 autem

138 2525 284 2606 tempore
310 2524 440 2585 tantum
466 2520 560 2585 nobis
590 2521 818 2586 declarandum
843 2521 920 2605 fuit,
952 2542 1008 2587 cur
1036 2522 1145 2586 orbati

138 2609 186 2673 rei
203 2609 351 2694 publicae
369 2609 555 2673 muneribus
574 2609 615 2673 ad
630 2609 693 2674 hoc
705 2631 765 2674 nos
780 2609 922 2674 studium
935 2608 1144 2693 potissimum

104 2697 397 2763 scontulissemus.
443 2695 629 2761 Occurritur
652 2699 760 2761 autem
783 2698 891 2781 nobis,
914 2696 1099 2781 etquidem
1124 2720 1144 2762 a

139 2785 242 2850 doctis
265 2789 298 2848 et
321 2784 455 2848 eruditis
479 2784 721 2868 quaerentibus,
744 2785 866 2849 satisne
889 2788 1075 2851 constanter
1097 2785 1144 2850 fa-

139 2895 209 2937 cere
231 2872 410 2956 videamur,
434 2871 501 2956 qui,
527 2893 599 2936 cum
621 2871 746 2957 percipi
766 2873 849 2936 nihil
871 2895 967 2957 posse
991 2873 1144 2957 dicamus,

138 2962 248 3023 tamen
271 2962 303 3023 et
322 2959 394 3023 aliis
414 2959 452 3023 de
470 2960 565 3023 rebus
585 2959 741 3024 disserere
761 2960 921 3024 soleamus
941 2964 974 3024 et
991 2961 1053 3025 hoc
1071 2961 1143 3044 ipso

137 3049 283 3130 tempore
305 3050 479 3130 praecepta
497 3044 596 3111 officii
612 3069 852 3131 persequamur.
884 3046 1007 3122 Quibus
1025 3048 1144 3113 vellem

138 3134 218 3197 satis
242 3133 372 3216 cognita
395 3138 480 3198 esset
497 3138 610 3199 nostra
629 3135 798 3200 sententia
834 3133 910 3200 Non
928 3135 1014 3199 enim
1032 3157 1143 3200 sumus

137 3220 170 3302 ii,
189 3242 325 3304 quorum
339 3226 476 3306 vagetur
493 3221 620 3286 animus
639 3244 747 3288 errore
765 3245 824 3289 nec
842 3223 962 3289 habeat
980 3246 1144 3308 umquam,

38 3371 41 3376 .
138 3308 214 3392 quid
238 3311 399 3391 sequatur.
445 3307 532 3384 Quae
560 3310 646 3374 enim
674 3314 760 3376 esset
781 3311 848 3376 ista
869 3333 961 3376 mens
983 3312 1037 3376 111
1061 3333 1144 3397 quae

137 3396 205 3460 vita
231 3396 341 3480 potius
368 3417 434 3461 non
458 3397 554 3461 modo
578 3398 777 3483 disputandi,
804 3399 861 3464 sed
888 3399 987 3464 etiam
1013 3399 1144 3464 vivendi

61 3498 82 3629 Ι
136 3483 262 3548 1111111
282 3484 432 3548 sublata?
466 3482 535 3549 Nos
555 3489 673 3571 autem,
694 3490 732 3551 ut
750 3487 850 3552 ceteri
868 3487 933 3553 alia
955 3490 1054 3572 certa,
1078 3486 1144 3552 alia
