2476 3848
526 156 764 222 ..502-

143 317 314 400 habemus,
341 318 460 382 bonam
487 319 595 381 autem
622 316 782 381 rationem
809 319 865 381 aut
891 338 958 381 non
983 316 1104 383 bonam
1130 342 1152 384 a

143 406 247 470 nobis.
278 404 354 469 Non
368 405 462 487 enim,
479 408 516 469 ut
536 404 767 488 patrimonium
780 404 982 488 relinquitur,
1001 405 1047 470 sic
1060 406 1150 472 ratio

145 497 195 557 est
210 493 334 558 homini
347 492 501 558 beneficio
516 492 647 557 deorum
662 493 745 556 data.
773 490 856 566 Quid
870 492 956 557 enim
969 493 1077 577 potius
1090 494 1152 558 ho·

145 580 287 645 minibus
306 580 479 664 dedissent,
499 581 527 644 si
544 581 585 644 iis
603 602 717 645 nocere
730 580 932 646 voluissent?
963 580 1151 647 Iniustitiae

146 672 263 752 autem,
285 668 562 752 intemperantiae,
584 667 770 732 timiditatis
788 689 870 751 quae
889 668 1011 732 semina
1029 674 1151 754 essent,

93 757 136 822 29
147 755 176 821 si
193 756 244 820 his
263 756 352 821 vitiis
366 757 451 820 ratio
464 777 530 820 non
544 756 713 820 subesset?
744 754 857 820 Medea
871 755 966 821 modo
980 758 1013 820 et
1027 756 1152 822 Atreus

146 844 481 909 commemorabantur
508 866 527 907 a
552 843 661 927 nobis,
691 843 839 908 heroicae
866 865 1034 928 personae,
1065 845 1153 910 inita

95 945 128 993 72
148 932 367 1015 subductaque
385 931 510 996 ratione
528 930 653 994 nefaria
671 931 791 995 scelera
808 930 1010 995 meditantes.
1042 930 1152 1006 Quid?

146 1020 296 1084 levitates
324 1019 462 1085 comicae
485 1040 641 1102 parumne
667 1039 793 1102 semper
814 1018 850 1082 in
871 1019 997 1083 ratione
1019 1040 1152 1084 versan-

146 1107 222 1171 tur‘?
244 1129 401 1190 parumne
424 1106 587 1171 subtiliter
610 1106 755 1190 disputat
776 1105 833 1171 ille
855 1106 890 1170 in
911 1106 1090 1172 Eunucho?

212 1209 310 1285 Quid
331 1209 455 1295 igitur
476 1210 639 1276 faciam?
664 1259 823 1274 ......

212 1298 403 1383 Exoldsit,
429 1301 600 1382 revocat3
627 1299 799 1363 redeam?
826 1320 914 1383 non,
929 1299 989 1452 8in
994 1322 1060 1451 rnpte
1086 1301 1152 1366 db-

146 1492 208 1558 Ille
234 1514 311 1558 vcro
337 1492 373 1556 in
399 1490 598 1593 Synephebis
624 1490 892 1557 Academicorum
919 1514 1008 1556 more
1036 1496 1153 1558 contra

147 1603 348 1647 communem
363 1580 546 1666 opinionem
558 1600 625 1644 non
638 1579 767 1643 dubitat
781 1600 926 1664 pugnare
939 1579 1066 1644 ratione
1065 1582 1152 1665 ,qui

148 1669 203 1732 in
220 1689 346 1733 amore
365 1689 507 1732 summo
527 1688 746 1750 summaque
763 1667 898 1752 inopia
916 1689 1031 1732 suave
1050 1669 1150 1732 esse'

148 1756 225 1821 dicit

212 1859 416 1925 Parentem
438 1858 579 1922 habere
604 1858 772 1942 aratrum,
795 1858 1020 1942 inlepidum,
1042 1859 1152 1925 inli-

213 2031 445 2116 Difficilem,
468 2034 532 2116 qui
554 2036 592 2097 te
613 2035 681 2097 nec
704 2036 803 2098 amet
825 2055 894 2099 nec
912 1945 1066 2099 sibdrebst
1084 2037 1152 2101 tui.

97 2171 130 2220 ⁷3
149 2157 257 2241 Atque
280 2156 355 2221 huic
378 2154 560 2220 incredibili
578 2155 756 2220 sententiae
774 2157 972 2221 ratiunculas
992 2159 1152 2243 suggerit:

215 2261 292 2326 Aut
318 2264 360 2324 tu
386 2258 499 2324 illum
521 2260 651 2324 fructu
672 2260 790 2326 fallas
815 2265 880 2325 aut
901 2285 968 2347 per
991 2261 1153 2330 litteras

214 2350 380 2415 Avertas
405 2348 562 2433 aliquod
582 2349 718 2412 ndmen
741 2352 806 2413 aut
828 2370 895 2433 per
901 2287 1111 2416 pservolum

214 2437 416 2503 Percutias
439 2437 631 2521 pavidum,
654 2437 850 2520 postremo
870 2459 890 2500 1
907 2441 1021 2522 parad
1039 2443 1153 2523 patre

215 2525 323 2603 Quod
345 2528 485 2609 sumas,
509 2528 652 2609 quanto
676 2521 843 2608 dissipes
866 2524 1067 2590 libentius!

148 2648 301 2733 Idemque
332 2648 462 2714 facilem
494 2650 527 2712 et
558 2647 727 2713 liberalem
757 2651 885 2731 patrem
914 2647 1154 2745 incommodum

150 2759 219 2802 esse
243 2736 366 2801 amanti
387 2735 456 2799 filio
480 2734 589 2819 disput
591 2737 634 2818 at,

216 2859 330 2935 Quem
352 2861 474 2941 neque
497 2879 569 2940 quo
587 2860 700 2941 pacto
718 2856 851 2921 fallam
870 2879 937 2922 nee
957 2858 1154 2943 quidinde

216 3033 294 3099 Nec
312 3035 421 3117 qudm
441 3033 569 3099 dolum
588 3031 732 3096 adeum
752 3036 816 3097 aut
802 2945 1156 3099 tmadllifribiannbom·

218 3204 302 3272 Scio
331 3205 548 3293 quicquam3
574 3207 631 3271 ita
653 3228 782 3273 omnes
805 3121 1065 3361 me‘osnldblioasr,
1081 3208 1156 3274 fal-

949 3318 1066 3380 acras,

62 3354 166 3623 Ὗ
217 3379 366 3446 Praest
352 3379 509 3467 trigias
554 3381 839 3468 praestrinxit
883 3384 1157 3536 comproditas

104 3499 126 3580 Ι
929 3493 1057 3558 parra
