2476 3848
476 169 718 234 -337-

92 326 201 411 diligit
224 329 257 391 et
279 327 419 391 alterum
437 325 589 409 anquirit,
607 326 697 390 cuius
715 326 861 392 animum
878 328 927 393 ita
945 351 1018 394 cum
1037 349 1096 394 suo

91 415 234 497 misceat,
257 416 294 478 ut
317 412 437 479 efficiat
458 434 560 497 paene
583 435 683 479 unum
706 436 745 478 ex
768 415 901 481 duobus.
1105 466 1149 530 22

158 499 221 566 Sed
241 500 387 585 plerique
404 522 565 585 perverse,
581 522 622 566 ne
639 501 744 566 dicam
756 502 958 588 inpudenter,
975 503 1095 568 habere
1113 544 1148 594 32

91 589 192 654 talem
215 589 354 653 amicum
375 589 504 672 volunt,
536 590 648 672 quales
674 590 739 674 ipsi
757 611 831 655 esse
855 612 923 656 non
948 595 1094 675 possunt,

93 698 237 761 quaeque
259 676 323 760 ipsi
343 697 410 741 non
431 677 581 742 tribuunt
604 677 725 760 amicis,
747 677 827 742 haec
850 677 893 742 ab
914 678 955 743 iis
975 678 1095 743 deside

91 768 176 829 rant.
206 763 270 829 Par
284 766 334 829 est
348 767 457 828 autem
470 765 612 848 primum
625 765 734 850 ipsum
753 786 823 829 esse
841 766 946 830 virum
964 767 1095 852 bonum,

90 856 162 916 tum
179 851 318 916 alterum
332 851 472 916 similem
486 854 536 917 sui
551 875 712 936 quaerere.
743 853 783 918 In
796 851 917 918 talibus
932 876 979 938 ea,
997 877 1095 938 quam

91 941 157 1005 iam
180 939 299 1005 dudum
317 942 509 1024 tractamus,
538 941 702 1006 stabilitas
726 940 888 1007 amicitiae
911 943 1095 1008 confirmari

91 1031 214 1113 potest,
246 1049 319 1092 cum
350 1027 497 1092 homines
524 1027 743 1094 benivolentia
766 1029 928 1094 coniuncti
954 1029 1095 1114 primum

92 1115 322 1200 cupiditatibus
349 1115 405 1199 iis,
434 1115 550 1198 quibus
573 1116 672 1180 ceteri
695 1117 853 1200 serviunt,
880 1117 1095 1201 imperabunt,

92 1203 206 1267 deinde
227 1202 390 1287 aequitate
403 1202 592 1286 iustitiaque
607 1204 803 1289 gaudebunt,
821 1205 992 1288 omniaque
1012 1205 1096 1270 alter

91 1313 151 1376 pro
171 1291 273 1357 altero
293 1291 455 1375 suscipiet,
476 1312 580 1374 neque
599 1292 769 1375 quicquam
783 1314 937 1375 umquam
954 1292 1019 1356 nisi
1036 1292 1096 1357 ho-

91 1382 219 1444 nestum
248 1381 281 1443 ct
307 1382 433 1444 rectum
461 1379 544 1443 alter
570 1379 611 1443 ab
640 1379 743 1443 altero
766 1379 960 1464 postulabit,
990 1400 1094 1462 neque

92 1467 198 1531 solum
212 1467 321 1532 colent
334 1467 419 1531 inter
438 1487 472 1531 se
491 1488 528 1530 ac
546 1466 691 1551 diligent,
710 1466 878 1530 sedetiam
890 1466 1093 1532 verebuntur.

91 1553 177 1619 Nam
199 1576 387 1619 maxumum
409 1556 636 1620 ornamentum
659 1553 820 1618 amicitiae
842 1553 945 1635 tollit,
973 1554 1028 1637 qui
1055 1575 1094 1618 ex

90 1664 128 1707 ea
154 1643 245 1707 tollit
270 1642 504 1709 verecundiam.
547 1641 662 1724 Itaque
688 1641 723 1705 in
748 1641 789 1705 iis
816 1641 1015 1725 perniciosus
1043 1645 1093 1706 est
1111 1650 1145 1701 83

90 1752 194 1814 error,
222 1729 277 1813 qui
304 1730 501 1794 existumant
523 1729 703 1794 lubidinum
729 1732 998 1814 peccatorumque
1028 1750 1093 1793 om-

89 1818 179 1882 nium
202 1820 314 1902 patere
336 1817 371 1882 in
393 1817 538 1882 amicitia
559 1817 737 1901 licentiam3
764 1817 923 1882 virtutum
951 1816 1093 1881 amicitia

91 1906 231 1970 adiutrix
254 1928 274 1970 a
295 1908 413 1969 natura
436 1905 512 1969 data
535 1909 598 1988 est,
626 1926 693 1969 non
719 1905 873 1970 vitiorum
900 1925 1020 1987 comes,
1047 1906 1093 1987 ut,

92 1993 245 2076 quoniam
263 1991 411 2058 solitaria
423 2014 490 2056 non
502 1997 614 2076 posset
627 1992 731 2057 virtus
747 1994 787 2058 ad
801 2015 848 2076 ea,
866 2014 948 2076 quae
968 2014 1093 2056 summa

91 2083 180 2161 sunt,
205 2080 388 2163 pervenire,
419 2080 589 2146 coniuncta
617 2084 650 2145 et
677 2081 861 2147 consociata
887 2103 960 2146 cum
990 2080 1093 2145 altera

90 2167 281 2250 perveniret.
326 2165 414 2242 Quae
437 2167 465 2232 si
488 2189 569 2251 quos
595 2168 681 2233 inter
711 2169 848 2234 societas
876 2172 933 2235 aut
960 2173 1010 2233 est
1038 2171 1093 2233 aut

89 2253 155 2317 fuit
177 2257 234 2318 aut
255 2253 367 2319 futura
389 2258 448 2339 cst,
471 2277 582 2321 eorum
605 2259 655 2320 est
677 2256 843 2321 habendus
867 2256 908 2320 ad
933 2277 1093 2321 summum

89 2343 226 2405 naturae
261 2342 382 2407 bonum
417 2347 570 2429 optumus
605 2344 875 2426 beatissimusque
911 2344 1093 2408 comitatus.

91 2428 182 2494 Haec
205 2432 262 2513 est,
285 2429 427 2514 inquam,
446 2431 592 2513 societas,
610 2432 645 2503 in
664 2453 728 2514 qua
747 2430 854 2494 omnia
872 2429 992 2512 insunt,
1011 2451 1092 2513 quae
1111 2439 1146 2490 84

90 2520 209 2601 putant
231 2517 377 2582 homines
401 2517 587 2602 expetenda,
608 2518 771 2601 honestas,
794 2516 914 2601 gloria,
936 2515 1093 2599 tranquil-

90 2605 168 2669 litas
191 2605 292 2669 animi
314 2609 411 2689 atquc
433 2605 627 2688 iucunditas,
649 2608 687 2669 ut
710 2607 756 2687 et,
779 2626 851 2669 cum
873 2602 953 2667 haec
976 2602 1093 2687 adsint,

90 2693 188 2758 beata
209 2693 279 2759 vita
301 2692 345 2756 sit
368 2696 400 2757 et
423 2692 492 2757 sine
514 2692 565 2757 his
589 2714 658 2758 esse
680 2714 747 2757 non
764 2690 878 2776 possit.
911 2688 1003 2765 Quod
1021 2713 1093 2755 cum

91 2782 261 2864 optumum
292 2801 541 2864 maxumumque
573 2780 629 2864 sit,
659 2780 687 2844 si
704 2779 746 2856 ,id
773 2778 922 2844 volumus
950 2777 1105 2863 adipisci,

90 2867 207 2931 virtuti
228 2888 327 2952 opera
345 2867 449 2933 danda
467 2870 526 2951 est,
548 2867 617 2932 sine
639 2890 703 2951 qua
719 2889 779 2932 nec
797 2864 973 2930 amicitiam
990 2886 1093 2947 neque

90 2954 193 3018 ullam
220 2977 290 3021 rem
316 2954 526 3041 expetendam
554 2955 705 3039 consequi
732 2975 917 3039 possumus3
950 2975 988 3018 ea
1016 2973 1092 3017 vero

90 3041 240 3127 neglecta
272 3043 328 3126 qui
355 3065 389 3108 se
416 3043 537 3108 amicos
568 3042 687 3107 habere
715 3041 929 3125 arbitrantur,
960 3045 1031 3105 tum
1058 3062 1092 3106 se

91 3129 228 3213 denique
251 3152 374 3195 errasse
393 3131 546 3214 sentiunt,
569 3153 642 3195 cum
661 3151 715 3194 eos
735 3129 843 3218 gravis
863 3129 980 3213 aliquis
1000 3149 1092 3194 casus

90 3217 230 3301 experiri
252 3218 349 3302 cogit.
381 3217 536 3292 Quocirca
558 3216 741 3303 (dicendum
764 3221 814 3282 est
836 3217 922 3283 enim
943 3216 1092 3304 saepius),
1111 3225 1146 3279 85

91 3326 164 3370 cum
191 3304 357 3389 iudicaris,
389 3305 523 3391 diligere
550 3309 693 3391 oportet,
720 3327 798 3385 non,
830 3328 903 3371 cum
935 3305 1067 3371 dilexeri
1107 3330 1111 3335 ·

89 3393 239 3459 iudicare.
272 3391 335 3458 Sed
357 3414 430 3458 cum
448 3393 559 3458 multis
581 3394 616 3459 in
633 3396 730 3460 rebus
752 3393 960 3480 neglegentia
982 3390 1080 3478 plec‘

90 3502 172 3563 mur,
195 3484 267 3545 tum
289 3480 426 3546 maxime
448 3481 483 3546 in
506 3481 617 3547 amicis
641 3487 674 3549 et
697 3482 868 3569 diligendis
887 3486 921 3547 et
939 3481 1029 3548 colen
1054 3479 1060 3495 '
1154 3538 1158 3557 „

164 3580 345 3640 metieritis,
360 3583 406 3630 tte.
420 3585 536 3642 sarcias
551 3587 664 3643 stetten
923 3581 965 3630 Ὦ.
