2476 3848
484 201 770 274 -417-.

97 356 177 420 toris
209 357 290 421 iram
322 359 461 423 oratoris
492 360 643 424 incendat
674 359 767 424 actio.
822 359 937 424 Virum
965 359 1100 444 denique

97 444 200 508 videri
220 450 353 530 negant,
377 448 432 532 qui
454 448 551 512 irasci
571 448 710 531 nesciat,
733 468 879 532 eamque,
902 470 999 532 quam
1022 448 1100 512 leni-

96 535 198 595 tatem
220 555 278 598 nos
303 534 451 617 dicimus,
473 535 592 600 vitioso
615 535 816 600 lentitudinis
837 537 967 601 nomine
991 536 1099 619 appel-

98 619 177 685 lant.
230 620 297 686 N'e‘c
325 644 401 687 vero
430 624 534 687 solum
560 623 644 688 hanc
674 623 841 687 libidinem
872 624 1005 687 laudant
1036 621 1156 707 (11144

97 709 184 772 enim
215 710 277 794 ira,
308 714 345 780 ut
376 710 471 776 modo
503 711 645 793 definivi,
676 711 850 776 ulciscendi
880 710 1008 796 libido),
1044 713 1098 776 sed

98 796 203 879 ipsum
221 797 301 861 illud
320 818 421 882 genus
439 800 491 862 vel
513 799 656 863 libidinis
675 800 728 867 vel
746 799 931 882 cupiditatis
957 801 997 863 ad
1016 822 1099 864 sum-

97 906 184 948 mam
215 886 389 950 utilitatem
420 907 489 951 esse
519 887 629 951 dicunt
660 910 680 952 a
708 891 825 951 natura
856 887 980 973 datum;
1016 887 1099 951 nihil

97 972 184 1036 enim
213 995 417 1058 quemquam,
444 974 507 1038 nisi
537 974 621 1058 quod
649 976 771 1059 lubeat,
803 976 968 1059 praeclare
994 975 1099 1040 facere

96 1081 201 1142 posse.
258 1061 366 1127 Noctu
404 1062 591 1127 ambulabat
625 1063 659 1126 in
695 1063 823 1147 publico
860 1063 1100 1148 Themistocles,

95 1169 169 1211 cum
198 1171 344 1215 somnum
368 1171 480 1233 capere
502 1171 567 1214 non
590 1154 712 1233 posset,
742 1153 1029 1236 quaerentibusque
1051 1173 1099 1216 re·

98 1237 277 1318 spondebat
307 1237 465 1302 Miltiadis
503 1237 644 1318 tropaeis
676 1259 709 1301 se
743 1259 759 1300 e
792 1261 904 1305 somno
942 1240 1099 1304 suscitari.

96 1320 157 1388 Oui
174 1347 240 1390 non
258 1330 333 1390 sunt
352 1326 479 1389 auditae
498 1323 725 1388 Demosthenis
745 1325 898 1408 vigiliae?
918 1328 972 1409 qui
991 1327 1098 1392 dolere

97 1433 130 1474 11
153 1412 273 1497 aiebat,
296 1415 324 1479 si
348 1412 474 1497 quando
498 1411 646 1493 opificum
673 1413 863 1476 antelucana
884 1413 988 1477 victus
1013 1417 1098 1478 11111

96 1500 260 1566 industria.
297 1498 526 1581 Philosophiae
545 1497 681 1582 denique
699 1500 800 1582 ipsius
823 1500 984 1582 principes
1007 1522 1098 1563 num·

94 1608 191 1670 quam
214 1590 248 1653 in
271 1591 337 1654 suis
362 1587 475 1652 studiis
504 1588 613 1649 tantos
640 1607 830 1670 progressus
854 1587 922 1650 sine
945 1587 1097 1670 flagranti

94 1676 270 1758 cupiditate
293 1678 398 1741 facere
420 1673 611 1757 potuissent.
654 1672 794 1738 Ultimas
817 1677 920 1738 terras
942 1674 1097 1739 lustrasse

94 1763 318 1848 Pythagoran,
347 1761 581 1842 Democritum,
608 1759 775 1825 Platonem
799 1762 989 1845 accepimus.
1032 1761 1098 1827 Ubi

93 1853 179 1916 enim
204 1851 354 1936 quioquid
373 1854 471 1932 esset,
495 1848 579 1932 quod
602 1849 681 1913 disci
704 1852 827 1934 posset,
850 1871 887 1914 eo
905 1850 1097 1914 veniendum

94 1938 323 2003 iudicaverunt.
377 1937 465 2002 Num
492 1942 643 2019 putamus
670 1936 750 2002 haec
777 1937 846 2001 fieri
873 1938 942 2002 sine
972 1959 1097 2002 summo

93 2026 281 2107 cupiditatis
304 2026 418 2089 ardore
441 2025 610 2107 potuisse?

159 2111 268 2191 Ipsam
292 2113 539 2194 aegritudinem,
567 2135 662 2195 quam
683 2134 742 2177 nos
766 2115 803 2176 ut
831 2115 971 2176 taetram
995 2117 1027 2177 et
1048 2082 1150 2208 in-{l}

94 2217 220 2258 manem
247 2196 375 2260 beluam
402 2199 589 2282 fugiendam
617 2199 768 2282 diximus,
794 2221 860 2264 non
886 2201 955 2265 sine
977 2221 1096 2284 magna

93 2283 234 2346 utilitate
249 2287 396 2348 enatura
415 2285 526 2350 dicunt
544 2287 762 2368 constitutam,
781 2291 818 2349 ut
835 2287 982 2352 homines
1001 2289 1096 2351 casti-

92 2370 291 2454 gationibus,
319 2371 635 2456 reprehensionibus,
663 2374 849 2457 ignominiis
878 2375 971 2438 adfici
999 2397 1032 2438 se
1061 2375 1095 2438 in

91 2459 211 2522 delicto
235 2458 388 2522 dolerent.
424 2460 593 2542 Inpunitas
618 2461 703 2524 enim
725 2466 929 2543 peccatorum
953 2461 1029 2524 data
1051 2462 1096 2525 vi·

94 2548 186 2611 detur
216 2546 274 2629 eis,
304 2547 359 2631 qui
388 2547 601 2632 ignominiam
631 2552 663 2611 et
691 2548 859 2611 infamiam
888 2548 996 2612 ferunt
1027 2550 1095 2614 sine

92 2636 216 2719 dolore3
243 2636 383 2699 morderi
410 2640 459 2700 est
486 2635 601 2699 melius
629 2635 832 2700 conscientia.
881 2633 931 2698 Ex
959 2657 1021 2719 quo
1046 2641 1095 2701 est

92 2723 172 2786 illud
200 2746 216 2787 1
245 2724 311 2788 vita
338 2724 467 2788 ductum
492 2723 531 2787 ab
555 2723 701 2788 Afranio.
745 2721 832 2788 Nam
857 2744 931 2787 cum
958 2724 1095 2789 dissolu-

91 2815 144 2874 tus
168 2812 267 2874 filius:

156 2930 239 2995 Heri
262 2954 318 2996 me
341 2935 533 2999 miseruml

89 3074 161 3134 tum
185 3092 312 3135 severus
335 3077 441 3155 pater:

155 3193 250 3257 Dum
269 3195 377 3260 modo
398 3197 529 3261 doleat
547 3200 707 3283 aliquid,
731 3201 861 3266 doleat
883 3199 1065 3285 qur'dluhe

90 3335 242 3419 Reliquas
262 3357 385 3420 quoque
407 3339 509 3421 partis
536 3338 746 3423 aegritudinis
769 3342 857 3406 utilis
879 3363 948 3406 esse
972 3202 1150 3638 hoff

89 3424 340 3487 misericordiam
359 3424 400 3487 ad
419 3446 513 3508 opem
531 3427 695 3492 ferendam
713 3433 745 3494 ct
762 3430 928 3495 hominum
946 3430 1014 3494 indi

89 3532 159 3575 rum
194 3512 394 3576 calamitates
427 3514 652 3601 sublevandas3
685 3517 790 3602 ipsum
816 3517 896 3583 illud
928 3539 999 3582 aem
1033 3534 1036 3539 ·

164 3622 345 3680 acriculus,
359 3626 403 3671 1111
417 3626 534 3681 pullulant.
548 3629 661 3684 6111111111.
