2476 3848
492 181 728 245 —462-

107 337 257 421 impediri
275 339 490 402 etiamanimi
512 339 614 403 eciem
633 341 763 422 aspectu
784 338 950 403 oculorum
972 339 1119 404 arbitra·

107 426 215 509 batur,
238 430 365 491 etcum
388 427 443 491 alii
467 447 576 510 saepe,
598 426 684 511 quod
707 431 782 490 ante
804 426 901 509 pedes
923 429 1021 511 esset,
1046 449 1117 493 non

107 514 264 598 viderent,
286 515 342 578 ille
364 516 399 579 in
421 515 612 579 infinitatem
632 535 759 580 omnem
777 513 1053 598 peregrinabatur,
1077 519 1118 581 ut

106 603 195 667 nulla
216 603 251 667 in
273 603 475 668 extremitate
497 602 695 668 consisteret.
746 601 913 667 'traditum
935 606 985 666 est
1010 604 1116 669 etiam

106 690 282 756 Homerum
300 712 429 756 caecum
446 691 560 775 fuisse3
583 695 618 755 at
636 691 703 755 eius
721 692 893 774 picturam,
913 711 978 755 non
996 693 1116 774 poesin

107 779 260 845 videmus.
310 778 399 855 Quae
425 779 528 864 regio,
555 801 636 862 quae
659 800 728 863 ora,
757 778 814 863 qui
835 777 925 842 locus
950 776 1119 865 Graeciae,

108 888 188 950 quae
215 867 337 949 species
364 868 530 950 formaque
557 888 696 952 pugnae,
723 887 804 950 quae
827 866 926 944 acies,
952 868 1041 950 quod
1064 890 1117 933 re·

108 954 257 1039 migium,
286 955 340 1038 qui
370 958 477 1019 motus
505 954 687 1038 hominum,
715 955 770 1038 qui
800 954 942 1018 ferarum
970 976 1037 1020 non
1065 956 1116 1021 ita

108 1042 250 1125 expictus
274 1045 335 1121 est,
363 1045 413 1121 ut,
440 1064 520 1127 quae
547 1043 617 1126 ipse
638 1065 704 1108 non
727 1041 855 1124 viderit,
884 1063 943 1107 nos
965 1045 1004 1106 ut
1024 1043 1116 1108 ride·

107 1151 227 1213 remus,
251 1130 412 1195 effecerit?
452 1130 537 1207 Quid
560 1131 659 1215 ergo?
683 1134 739 1195 aut
760 1129 902 1195 Homero
926 1130 1115 1196 delectatio·

107 1239 182 1282 nem
205 1219 305 1283 animi
328 1241 365 1284 ac
388 1220 587 1303 voluptatem
605 1223 662 1284 aut
684 1219 832 1303 cuiquam
853 1218 948 1284 docto
970 1216 1116 1285 defuisse

75 1320 107 1369 15
129 1328 283 1391 umquam
297 1307 513 1371 arbitramur?
528 1310 593 1391 aut,
606 1308 639 1372 ni
653 1307 701 1373 ita
714 1329 748 1372 se
761 1329 813 1372 res
826 1306 969 1388 haberet,
982 1304 1116 1373 Anaxa·

108 1416 205 1481 goras
225 1397 282 1458 aut
299 1394 351 1460 hio
370 1396 439 1478 ipse
453 1395 657 1462 Democritus
676 1417 771 1481 agros
790 1397 822 1459 et
839 1392 1036 1477 patrimonia
1056 1417 1116 1461 sua

108 1483 324 1566 reliquissent,
355 1483 430 1548 huic
461 1484 603 1550 discendi
635 1482 868 1569 quaerendique
899 1481 1027 1547 divinae
1060 1483 1115 1548 de·

108 1571 276 1637 lactationi
302 1574 372 1637 toto
395 1593 429 1637 se
453 1573 560 1637 animo
589 1570 771 1636 dedissent?
815 1570 928 1654 Itaque
954 1591 1114 1654 augurem

107 1657 276 1743 Tiresiam,
304 1682 398 1744 quem
425 1661 603 1744 sapientem
629 1660 756 1744 fingumt
778 1662 905 1742 poetae,
933 1679 1114 1742 numquam

108 1746 264 1811 inducunt
281 1746 502 1830 deplorantem
521 1747 708 1814 caecitatem
722 1769 822 1811 suam.
853 1747 899 1810 At
917 1767 993 1811 vero
1012 1745 1115 1832 Poly-

107 1833 260 1917 phemum
288 1834 447 1899 Homerus
476 1857 549 1899 cum
578 1836 739 1899 inmanem
768 1837 933 1918 ferumque
954 1833 1115 1920 finxisset,

109 1943 181 1987 cum
207 1922 305 1986 ariete
329 1922 427 1986 etiam
449 1924 695 2006 conloquentem
723 1923 802 1988 facit
824 1923 954 2006 eiusque
976 1922 1114 1989 laudare

107 2009 267 2091 fortunas,
298 2009 396 2093 quod,
424 2030 487 2092 qua
516 2011 629 2093 vellet,
658 2011 783 2094 ingredi
812 2015 923 2094 posset
950 2013 996 2093 et,
1027 2032 1114 2095 quae

107 2097 217 2178 vellet,
240 2095 408 2180 attingere.
446 2095 544 2161 Recte
566 2098 619 2162 hic
641 2098 782 2183 quidem3
804 2098 906 2162 nihilo
930 2097 1017 2161 enim
1041 2103 1115 2164 erat

70 2181 342 2334 wipsehOyolopq
362 2205 460 2335 quam
483 2185 642 2337 ειῐίθεὲΗθ
664 2186 883 2337 prudpntiop?
932 2273 960 2338 Ε
998 2277 1013 2337 t

75 2321 215 2423 1ssdaster
239 2292 294 2423 eff
315 2292 678 2444 illabsddfoseilualiirld
701 2296 880 2444 iioleiliul,
909 2295 999 2446 qudd
1025 2297 1114 2429 niblo

108 2446 270 2528 audiebat,
293 2447 434 2530 etiamsi,
462 2453 500 2513 ut
521 2449 602 2514 mihi
624 2450 804 2532 uidebatur,
826 2448 952 2514 iniuria
995 2447 1115 2516 Nostri

108 2535 227 2601 Graece
254 2536 322 2600 fere
348 2537 497 2600 nesciunt
518 2559 577 2602 nec
600 2536 713 2602 Graeci
736 2536 860 2603 Latine.
904 2537 993 2622 Ergo
1018 2536 1056 2603 hi
1078 2541 1116 2605 iu

106 2625 237 2690 illorum
268 2628 301 2687 et
331 2623 383 2688 illi
414 2625 449 2688 in
479 2625 593 2690 horum
626 2646 770 2690 sermone
802 2625 903 2707 surdi,
937 2646 1115 2711 omnesque

106 2712 186 2778 item
212 2732 272 2777 nos
294 2712 328 2776 in
351 2713 391 2775 iis
417 2712 550 2797 linguis,
577 2735 658 2796 quas
681 2734 746 2778 non
772 2713 1002 2797 intellegimus,
1028 2735 1115 2797 quae

108 2804 183 2866 sunt
204 2799 467 2880 innumerabiles,
491 2801 578 2865 surdi
601 2799 746 2884 profecto
770 2822 889 2865 sumus.
932 2799 978 2865 At
999 2821 1114 2867 vocem

107 2887 287 2954 citharoedi
308 2909 375 2952 non
397 2887 538 2954 audiunt
574 2887 624 2953 Ne
648 2889 818 2954 stridorem
845 2889 973 2974 quidem
996 2909 1116 2974 senae,

106 2980 176 3041 tum
199 2997 270 3040 oum
294 2975 432 3058 acuitur,
455 2979 512 3039 aut
534 2976 734 3060 grunditum,
752 2999 823 3041 cum
848 2977 1022 3061 iugulatur,
1046 2978 1115 3045 suis

106 3084 180 3147 nec,
216 3084 288 3127 oum
325 3063 487 3149 quiescere
523 3065 649 3147 volunt,
684 3063 847 3128 fremitum
881 3067 1116 3132 murmurantis

107 3151 221 3233 maris3
243 3155 276 3214 et
299 3151 327 3214 si
350 3155 463 3216 cantus
482 3172 536 3217 eos
559 3152 643 3216 forte
666 3152 838 3235 delectant,
862 3153 1001 3235 primum
1025 3154 1119 3237 eogi-

106 3241 177 3302 tare
199 3238 329 3320 debent,
352 3243 426 3303 ante
449 3260 546 3322 quam
568 3239 605 3304 hi
627 3240 694 3304 sint
716 3241 851 3323 inventi,
874 3241 996 3305 multos
1017 3240 1116 3307 beate

107 3327 226 3391 vixisse
246 3325 419 3409 sapientes,
442 3327 555 3391 deinde
575 3329 677 3393 multo
696 3328 851 3392 maiorem
872 3327 994 3412 percipi
1016 3349 1117 3411 posse

70 3427 104 3479 1⁷
131 3413 273 3500 legendis
301 3412 353 3477 his
380 3435 475 3498 quam
503 3415 669 3480 audiendis
698 3416 905 3498 voluptatem
949 3414 1047 3499 Turn,
1078 3422 1119 3485 ut

114 3505 204 3568 naulo
237 3504 311 3565 ante
344 3522 456 3567 caecos
488 3503 529 3567 ad
561 3504 687 3568 aurium
723 3503 968 3568 traducebamus
1000 3505 1118 3591 volup·
