2476 3848
527 211 568 222 ·-
615 173 770 239 550-

143 365 170 418 p.
191 339 255 418 157]
278 339 316 400 ut
342 335 377 400 in
404 356 519 421 agrum
541 335 735 399 Rutulorum
759 329 1046 419 Aboriginumlque
1072 355 1147 418 pro

144 424 279 508 cederet,
302 427 358 488 aut
381 423 415 488 in
438 424 522 488 ostio
545 422 706 505 liberino,
729 442 824 505 quem
846 421 1010 486 inlocum
1033 422 1147 486 multis

143 517 219 598 post
247 511 339 576 annis
366 533 422 575 rex
445 510 554 576 Ancus
582 509 742 575 coloniam
769 508 913 593 deduxit,
939 509 1053 573 urbem
1074 509 1147 594 ipse

144 600 309 681 conderet,
332 598 388 664 sed
409 597 472 664 hoe
494 598 544 663 vir
567 597 736 662 excellenti
758 596 962 681 providentia
985 596 1085 662 sensit
1108 619 1147 663 ao

144 688 239 771 vidit,
267 709 334 752 non
360 707 429 750 esse
456 685 726 771 oportunissimos
753 685 834 748 situs
857 684 1038 749 maritimos
1060 685 1148 750 urbi·

144 776 205 840 bus
228 775 284 859 eis,
307 795 388 858 quae
411 772 452 838 ad
471 794 561 857 spem
580 771 800 837 diuturnitatis
819 772 1030 837 conderentur
1048 776 1147 856 atque

144 862 281 946 imperii,
304 861 445 946 primum
468 861 553 944 quod
572 863 679 925 essent
697 860 794 924 urbes
813 860 994 924 maritimae
1011 881 1078 924 non
1096 881 1148 926 so·

144 977 172 1030 p.
189 952 251 1029 158]
275 950 344 1012 lum
366 948 478 1012 multis
496 948 646 1033 periculis
665 947 843 1031 oppositae,
866 947 921 1012 sed
939 944 1057 1034 etiam!
1077 969 1147 1014 cae·

111 1050 128 1098 o
146 1037 201 1103 cis.
232 1035 318 1100 Nam
339 1039 428 1100 terra
446 1037 613 1101 continens
631 1036 786 1100 adventus
804 1035 949 1100 hostiurn
965 1057 1032 1100 non
1048 1037 1146 1102 modo

146 1127 346 1208 expectatos,
378 1123 433 1187 sed
465 1122 564 1187 etiarn
595 1123 780 1208 repentinos
812 1123 925 1188 multis
956 1123 1083 1188 indiciis
1112 1129 1147 1190 et

146 1211 239 1296 quasi
265 1210 395 1295 fragore
425 1211 563 1293 quodam
586 1215 619 1274 et
642 1211 749 1275 sonitu
771 1211 844 1294 ipso
866 1214 941 1275 ante
964 1211 1147 1296 denuntiat3

144 1320 248 1382 neque
279 1319 356 1362 vero
389 1297 559 1381 quisquam
590 1301 699 1382 potest
727 1296 832 1362 hostis
866 1297 1016 1363 advolare
1048 1303 1147 1384 terra,

146 1387 225 1470 quin
246 1408 320 1451 eum
342 1407 409 1450 non
430 1386 525 1450 modo
549 1407 628 1469 esse,
651 1385 707 1450 sed
729 1385 827 1449 etiam
851 1385 922 1468 quis
941 1389 974 1450 et
991 1385 1074 1450 unde
1093 1387 1146 1471 sit,

147 1475 227 1541 seire
249 1474 419 1558 possimus.
454 1473 637 1538 Maritimus
660 1494 735 1538 vero
758 1472 814 1538 ille
837 1475 870 1536 et
890 1473 1017 1537 navalis
1039 1474 1146 1539 hostis

146 1565 221 1628 ante
253 1562 364 1626 adesse
395 1563 517 1646 potest,
550 1583 647 1644 quam
678 1559 848 1644 quisquam
876 1564 1047 1625 venturum
1074 1583 1146 1626 esse

145 1676 174 1729 p.
182 1652 246 1730 167]
262 1648 419 1733 suspicari
432 1651 539 1733 queat,
552 1670 610 1714 nee
623 1669 708 1731 vero,
722 1669 794 1712 curn
807 1648 905 1732 venit,
918 1669 996 1733 prae
1010 1670 1045 1713 se
1056 1645 1060 1735 l
1070 1648 1146 1734 fert,

147 1741 203 1802 aut
226 1737 281 1820 qui
304 1736 348 1800 sit
370 1739 427 1800 aut
448 1737 531 1800 unde
553 1736 662 1802 veniat
684 1738 740 1800 aut
763 1735 860 1800 etiam
884 1735 960 1819 quid
982 1737 1070 1821 velit,
1094 1737 1147 1802 de-

145 1824 242 1925 nique
264 1845 305 1888 ne
317 1826 406 1924 'nota
428 1823 557 1923 quidem
573 1825 651 1905 ulla,
673 1826 807 1907 pacatus
827 1844 869 1887 an
886 1823 992 1888 hostis
1010 1824 1064 1910 sit,
1083 1825 1146 1889 dis·

106 1910 598 2094 ,cernfispeaplpdplclarlpprpbtiensltss
621 1997 755 2062 urbibus
778 1997 878 2062 etiam
900 1999 1057 2083 quaedam
1077 2022 1146 2066 eor·

146 2085 275 2168 ruptela
298 2106 335 2149 ac
358 2085 534 2149 demutatio
552 2107 692 2169 morum3
714 2085 931 2151 admiscentur
948 2087 1033 2151 enim
1050 2089 1145 2154 novis

147 2171 347 2237 sermonibus
375 2194 412 2235 ac
439 2171 616 2256 disciplinis
644 2176 677 2237 et
702 2172 909 2258 inportantur
935 2195 1001 2238 non
1022 2197 1144 2241 merces

11 2281 14 2284 ’
146 2259 252 2324 solum
279 2257 490 2343 adventiciae,
518 2259 573 2323 sed
600 2261 698 2324 etiam
725 2282 844 2346 mores,
870 2265 908 2325 ut
934 2261 1016 2326 nihil
1039 2264 1145 2348 possit

143 2375 172 2428 p.
194 2349 257 2427 168]
284 2346 319 2410 in
350 2346 465 2430 patriis
497 2346 656 2412 institutis
687 2369 816 2413 manere
848 2345 1029 2435 inltegrum.
1073 2349 1145 2416 Iam

145 2435 202 2519 qui
227 2435 373 2499 incolunt
400 2455 454 2498 eas
480 2436 590 2519 urbes,
616 2457 683 2500 non
703 2435 839 2500 haerent
860 2436 894 2500 in
917 2436 983 2501 suis
1006 2437 1145 2524 sedibus,

146 2523 203 2588 sed
219 2521 343 2588 volucri
361 2542 487 2606 semper
505 2542 561 2606 spe
575 2526 608 2586 et
622 2522 818 2607 cogitatione
831 2523 1001 2607 rapiuntur
1015 2546 1034 2589 a
1048 2525 1145 2592 domo

146 2610 289 2695 longius,
314 2612 410 2692 atque
433 2609 531 2673 etiam
553 2631 626 2674 cum
648 2613 779 2674 manent
801 2632 944 2696 corpore,
966 2612 1074 2678 animo
1095 2617 1146 2679 ta·

146 2719 221 2762 men
247 2698 378 2761 exulant
407 2700 440 2760 et
465 2701 635 2781 vagantur.
679 2696 748 2763 Nee
773 2719 850 2763 rero
872 2699 942 2763 ulla
963 2721 1015 2764 res
1037 2701 1144 2786 magis

145 2784 376 2850 labefactatam
403 2783 457 2847 diu
484 2789 517 2847 et
544 2783 774 2870 Carthaginem
801 2788 834 2849 et
857 2785 1049 2852 Corinthum
1074 2810 1145 2873 per·

145 2873 245 2938 vertit
268 2871 440 2955 aliquando
464 2893 562 2954 quarn
583 2872 636 2936 hic
659 2894 747 2937 error
770 2894 807 2938 ae
830 2873 998 2958 dissipatio
1017 2875 1144 2961 civium,

145 2989 172 3039 p.
188 2962 252 3040 aar]
272 2960 357 3043 quod
374 2960 537 3023 mercandi
554 2959 729 3044 cupiditate
747 2964 780 3025 et
797 2959 982 3046 navilgandi
1001 2966 1033 3027 et
1051 2984 1145 3050 agro·

111 3059 218 3111 arum
241 3051 274 3111 et
297 3068 459 3112 armorum
482 3048 605 3111 cultum
622 3047 827 3131 reliquerant.
863 3049 969 3114 Multa
986 3050 1084 3115 etiam
1103 3052 1146 3118 ad

145 3134 305 3198 luxuriam
336 3134 550 3200 invitamenta
577 3135 757 3219 perniciosa
784 3136 969 3201 civitatibus
997 3138 1145 3223 subpedi-

144 3224 257 3286 tantur
283 3222 379 3304 mari,
407 3243 488 3304 quae
510 3223 563 3287 vel
585 3222 755 3307 capiuntur
776 3224 828 3288 rel
851 3224 1070 3309 inportantur3
1097 3230 1154 3304 at-⁴

145 3332 206 3393 que
232 3309 332 3373 habet
359 3309 458 3373 etiam
486 3310 662 3374 amoenitas
688 3311 761 3395 ipsa
786 3312 839 3376 rel
862 3316 1069 3397 sumptuosas
1091 3315 1145 3379 rel

144 3397 320 3462 desidiosas
349 3395 528 3462 inlecebras
556 3398 676 3462 multas
704 3398 924 3483 cupiditatum.
968 3400 1026 3485 Et,
1059 3402 1145 3485 quod

63 3438 182 3628 'a
205 3484 361 3551 cornero
394 3483 473 3570 uxr,
505 3485 538 3548 u
564 3485 652 3550 usus
678 3485 743 3551 saro
772 3508 814 3550 an
839 3487 935 3586 uaeas
963 3488 1001 3553 de
1028 3492 1147 3556 cunas
