2476 3848
471 187 710 253 -413-

90 345 248 412 Similiter
275 347 564 411 commemorandis
594 347 749 431 exemplis
781 340 937 413 orbitates
970 370 1097 438 quoque
1116 369 1150 420 58

89 436 226 499 liberum
255 435 495 518 praedicantur,
523 456 708 519 eorumque,
735 435 790 519 qui
821 436 952 521 gravius
981 436 1098 523 ferunt,

88 524 193 587 luctus
218 523 355 587 aliorum
380 523 531 606 exemplis
553 523 732 605 leniuntur3
756 524 802 587 sic
824 524 991 608 perpessio
1015 529 1098 592 cete·

88 631 198 675 rorum
226 611 316 693 facit,
351 615 388 675 ut
414 633 465 693 aa,
497 632 578 694 quae
610 611 798 694 acciderint,
829 611 932 676 multo
964 612 1099 697 minora,

90 721 187 783 quam
210 702 331 783 quanta
355 700 422 762 sint
444 698 644 781 existimata,
666 699 845 763 videantur.
883 698 936 764 Ita
958 700 1005 782 fit,
1028 723 1099 766 sen·

91 788 160 850 sim
185 787 405 871 cogitantibus
437 789 486 870 ut,
521 791 680 869 quantum
712 786 756 852 sit
788 787 943 851 ementita
979 789 1099 873 opinio,

90 879 253 957 appareat.
304 874 411 957 Atque
438 874 499 939 hoc
529 875 614 938 idem
641 877 676 938 et
700 874 832 939 Telamo
858 875 914 940 ille
943 874 1099 943 declarat:

156 983 238 1080 Ego
262 1019 344 1061 oum
367 997 482 1080 genui
498 1045 616 1062 ......

90 1124 124 1184 et
147 1120 303 1184 Theseus:

157 1242 322 1307 Futuras
345 1264 489 1308 mecum
512 1244 798 1308 commentabar
822 1241 1002 1310 miserias

91 1369 124 1428 et
142 1365 367 1448 Anaxagoras:
391 1364 580 1430 ‘Sciebam
599 1388 655 1430 me
674 1366 857 1451 genuisse
875 1368 1099 1433 mortalem?
1201 1375 1203 1380 ‘

90 1453 135 1516 Hi
161 1454 245 1516 anim
273 1474 383 1517 omnes
412 1454 467 1522 diu
490 1454 670 1538 cogitantes
698 1453 855 1517 derebus
880 1454 1098 1521 humanisin-

90 1540 290 1624 tellegebant
317 1563 371 1605 eas
398 1563 602 1626 nequaquam
633 1562 693 1624 pro
726 1541 876 1624 opinione
908 1542 996 1627 volgi
1030 1565 1099 1608 esse

91 1628 353 1693 extimescendas.
406 1630 452 1693 Et
483 1629 564 1692 mihi
598 1629 726 1712 quidem
757 1629 883 1694 videtur
914 1629 1000 1694 idem
1031 1632 1099 1695 fere

92 1716 234 1780 accidere
265 1716 319 1798 iis,
351 1718 405 1800 qui
439 1722 513 1782 ante
545 1717 755 1799 meditantur,
786 1717 871 1800 quod
898 1717 953 1802 iis,
984 1719 1099 1801 quibus

91 1804 237 1868 medetur
268 1803 349 1887 dies,
379 1805 444 1868 nisi
474 1805 558 1889 quod
586 1806 671 1869 ratio
701 1804 857 1889 quaedam
889 1809 985 1869 sanat
1015 1806 1101 1891 illos,

91 1892 151 1956 hos
186 1892 258 1974 ipsa
291 1896 408 1955 natura
443 1892 607 1957 intellecto
643 1915 694 1976 eo,
731 1892 815 1976 quod
847 1915 916 1956 rem
947 1893 1100 1978 continet,

91 1980 173 2043 illud
202 1980 336 2062 malum,
364 1980 448 2062 quod
472 1981 641 2063 opinatum
664 1980 709 2045 sit
732 2002 800 2045 esse
824 2002 1023 2065 maxumum,
1048 2003 1100 2046 ne·

93 2088 253 2150 quaquam
282 2088 351 2130 esse
379 2071 519 2151 tantum,
546 2074 582 2132 ut
605 2069 706 2133 vitam
733 2070 863 2133 beatam
885 2071 991 2152 possit
1013 2092 1099 2135 ever-

92 2159 170 2218 tere.
206 2153 278 2218 Hoc
301 2155 400 2238 igitur
419 2156 571 2238 efficitur,
593 2160 631 2219 ut
651 2178 690 2220 ex
711 2157 767 2221 illo
786 2157 979 2241 necopinato
1003 2159 1153 2243 plagam

93 2243 196 2306 maior
220 2242 276 2324 sit,
298 2264 377 2323 non,
400 2247 436 2306 ut
458 2242 507 2305 illi
530 2247 660 2325 putant,
683 2247 732 2326 ut,
761 2266 834 2308 cum
858 2245 982 2309 duobus
1005 2268 1100 2328 pares

93 2353 186 2395 casus
214 2331 393 2413 evenerint,
419 2330 447 2394 is
480 2331 574 2393 modo
607 2330 806 2412 aegritudine
838 2332 1017 2415 adficiatur,
1050 2334 1100 2397 cui

92 2419 148 2482 ille
180 2418 374 2500 necopinato
403 2439 495 2481 casus
523 2418 671 2480 evenerit.
716 2416 830 2500 ltaque
858 2419 1008 2481 dicuntur
1036 2441 1101 2483 non

92 2507 174 2570 nulli
196 2506 230 2569 in
249 2527 405 2587 maerore,
429 2526 500 2568 cum
519 2505 557 2568 de
574 2503 636 2567 hac
655 2505 818 2567 communi
839 2504 1007 2569 hominum
1026 2527 1100 2568 eon·

94 2594 219 2658 dicione
243 2593 453 2675 audivissent,
481 2614 518 2656 ea
541 2592 612 2675 lege
636 2610 788 2654 essenos
811 2595 920 2674 natos,
947 2596 984 2655 ut
1006 2614 1100 2655 nemo

93 2683 128 2745 in
150 2685 340 2765 perpetuum
364 2700 433 2744 esse
455 2681 567 2762 posset
590 2699 702 2762 expers
727 2677 819 2760 mali,
848 2678 978 2761 gravius
1003 2680 1101 2744 etiam

91 2770 215 2832 tulisse.

161 2855 317 2930 Quocirca
353 2854 548 2936 Carneades,
584 2858 621 2917 ut
652 2852 743 2915 video
777 2855 923 2915 nostruin
961 2853 1100 2916 scribere
1111 2861 1154 2922 25

93 2941 305 3026 Antiochum,
323 2943 512 3027 reprendere
530 2939 749 3023 Chrysippum
768 2938 894 3002 solebat
915 2939 1098 3003 laudantem

92 3028 305 3111 Euripideum
327 3052 456 3094 carmen
478 3028 571 3092 illud:

138 3151 320 3216 Mortalis
343 3173 449 3217 nemo
474 3155 545 3233 est,
571 3149 677 3234 que'm
695 3169 769 3211 non
794 3148 966 3234 attingat
990 3150 1101 3216 dolor

138 3239 383 3324 Morbdsqu03
407 3238 540 3303 multis
564 3239 653 3300 sunt
675 3234 856 3298 humandi
879 3236 1007 3320 liberi,

138 3327 300 3393 Rursum
320 3327 488 3410 creandi,
508 3326 681 3406 morsque
701 3325 759 3386 est
776 3321 894 3388 finita
910 3327 1100 3409 omnibus,

138 3414 241 3490 Quae
277 3416 411 3500 ge'neri
442 3415 605 3478 humano
638 3411 819 3493 angdrem
850 3413 1100 3562 npquicquam

823 3500 867 3564 ad
892 3505 1010 3565 erunt.
