<?xml version="1.0" encoding="UTF-8"?>
<!DOCTYPE html PUBLIC "-//W3C//DTD XHTML 1.0 Transitional//EN"
    "http://www.w3.org/TR/xhtml1/DTD/xhtml1-transitional.dtd">
<html xmlns="http://www.w3.org/1999/xhtml" xml:lang="en" lang="en">
 <head>
  <title>
</title>
<meta http-equiv="Content-Type" content="text/html;charset=utf-8" />
  <meta name='ocr-system' content='tesseract 3.04.00' />
  <meta name='ocr-capabilities' content='ocr_page ocr_carea ocr_par ocr_line ocrx_word'/>
</head>
<body>
  <div class='ocr_page' id='page_1' title='image "./cicerosphilosop01cicegoog_0218.png"; bbox 0 0 2476 3848; ppageno 0'>
   <div class='ocr_carea' id='block_1_1' title="bbox 467 181 712 246">
    <p class='ocr_par' dir='ltr' id='par_1_1' title="bbox 467 181 712 246">
     <span class='ocr_line' id='line_1_1' title="bbox 467 181 712 246; baseline 0.008 -18"><span class='ocrx_word' id='word_1_1' title='bbox 467 181 712 246; x_wconf 77' lang='lat'>..201-</span> 
     </span>
    </p>
   </div>
   <div class='ocr_carea' id='block_1_2' title="bbox 89 339 1174 3594">
    <p class='ocr_par' dir='ltr' id='par_1_2' title="bbox 89 339 1174 3594">
     <span class='ocr_line' id='line_1_2' title="bbox 90 339 1147 425; baseline 0.005 -21"><span class='ocrx_word' id='word_1_2' title='bbox 90 341 151 404; x_wconf 88' lang='lat' dir='ltr'>bus</span> <span class='ocrx_word' id='word_1_3' title='bbox 174 340 284 404; x_wconf 90' lang='lat' dir='ltr'>nullus</span> <span class='ocrx_word' id='word_1_4' title='bbox 307 339 411 424; x_wconf 89' lang='lat' dir='ltr'>labor,</span> <span class='ocrx_word' id='word_1_5' title='bbox 432 340 525 404; x_wconf 90' lang='lat' dir='ltr'>nulla</span> <span class='ocrx_word' id='word_1_6' title='bbox 545 340 715 425; x_wconf 88' lang='lat' dir='ltr'>industria,</span> <span class='ocrx_word' id='word_1_7' title='bbox 736 341 829 405; x_wconf 91' lang='lat' dir='ltr'>nulla</span> <span class='ocrx_word' id='word_1_8' title='bbox 846 362 923 407; x_wconf 89' lang='lat' dir='ltr'>eura</span> <span class='ocrx_word' id='word_1_9' title='bbox 940 346 999 406; x_wconf 85' lang='grc'>000</span> <span class='ocrx_word' id='word_1_10' title='bbox 1030 341 1095 407; x_wconf 76' lang='lat' dir='ltr'>Ad·</span> <span class='ocrx_word' id='word_1_11' title='bbox 1112 361 1147 420; x_wconf 77' lang='grc'>01</span> 
     </span>
     <span class='ocr_line' id='line_1_3' title="bbox 90 428 1095 512; baseline 0.002 -20"><span class='ocrx_word' id='word_1_12' title='bbox 90 428 264 492; x_wconf 77' lang='lat' dir='ltr'>miratione</span> <span class='ocrx_word' id='word_1_13' title='bbox 287 432 395 492; x_wconf 90' lang='lat' dir='ltr'>autem</span> <span class='ocrx_word' id='word_1_14' title='bbox 419 428 612 492; x_wconf 89' lang='lat' dir='ltr'>adficiuntur</span> <span class='ocrx_word' id='word_1_15' title='bbox 628 428 662 511; x_wconf 87' lang='lat' dir='ltr'>ii,</span> <span class='ocrx_word' id='word_1_16' title='bbox 685 429 741 512; x_wconf 91' lang='lat' dir='ltr'>qui</span> <span class='ocrx_word' id='word_1_17' title='bbox 758 428 882 493; x_wconf 89' lang='lat' dir='ltr'>anteire</span> <span class='ocrx_word' id='word_1_18' title='bbox 899 429 1014 494; x_wconf 84' lang='lat' dir='ltr'>ceteris</span> <span class='ocrx_word' id='word_1_19' title='bbox 1032 431 1095 494; x_wconf 73' lang='grc'>111</span> 
     </span>
     <span class='ocr_line' id='line_1_4' title="bbox 91 516 1094 601; baseline 0.003 -22"><span class='ocrx_word' id='word_1_20' title='bbox 91 520 161 580; x_wconf 90' lang='lat' dir='ltr'>tute</span> <span class='ocrx_word' id='word_1_21' title='bbox 188 519 346 599; x_wconf 91' lang='lat' dir='ltr'>putantur</span> <span class='ocrx_word' id='word_1_22' title='bbox 364 519 398 579; x_wconf 88' lang='lat' dir='ltr'>et</span> <span class='ocrx_word' id='word_1_23' title='bbox 420 517 600 580; x_wconf 90' lang='lat' dir='ltr'>cumomni</span> <span class='ocrx_word' id='word_1_24' title='bbox 618 537 727 580; x_wconf 90' lang='lat' dir='ltr'>carere</span> <span class='ocrx_word' id='word_1_25' title='bbox 746 516 911 601; x_wconf 84' lang='lat' dir='ltr'>dedecore,</span> <span class='ocrx_word' id='word_1_26' title='bbox 929 521 999 582; x_wconf 90' lang='lat' dir='ltr'>tum</span> <span class='ocrx_word' id='word_1_27' title='bbox 1016 539 1094 582; x_wconf 86' lang='lat' dir='ltr'>vero</span> 
     </span>
     <span class='ocr_line' id='line_1_5' title="bbox 89 603 1095 688; baseline 0.002 -20"><span class='ocrx_word' id='word_1_28' title='bbox 89 604 130 668; x_wconf 91' lang='lat' dir='ltr'>iis</span> <span class='ocrx_word' id='word_1_29' title='bbox 162 604 266 686; x_wconf 85' lang='grc'><strong>110110,</strong></span> <span class='ocrx_word' id='word_1_30' title='bbox 298 603 415 687; x_wconf 90' lang='lat' dir='ltr'>quibus</span> <span class='ocrx_word' id='word_1_31' title='bbox 447 603 507 667; x_wconf 92' lang='lat' dir='ltr'>alii</span> <span class='ocrx_word' id='word_1_32' title='bbox 537 625 604 668; x_wconf 92' lang='lat' dir='ltr'>non</span> <span class='ocrx_word' id='word_1_33' title='bbox 633 604 731 668; x_wconf 89' lang='lat' dir='ltr'>facile</span> <span class='ocrx_word' id='word_1_34' title='bbox 761 608 901 688; x_wconf 79' lang='lat' dir='ltr'><strong>possunt</strong></span> <span class='ocrx_word' id='word_1_35' title='bbox 927 605 1095 670; x_wconf 87' lang='lat' dir='ltr'>obsistere.</span> 
     </span>
     <span class='ocr_line' id='line_1_6' title="bbox 90 690 1094 776; baseline 0.002 -20"><span class='ocrx_word' id='word_1_36' title='bbox 90 691 177 756; x_wconf 88' lang='lat' dir='ltr'>Nam</span> <span class='ocrx_word' id='word_1_37' title='bbox 210 694 243 755; x_wconf 90' lang='grc'>00</span> <span class='ocrx_word' id='word_1_38' title='bbox 269 692 469 776; x_wconf 85' lang='lat' dir='ltr'>voluptates,</span> <span class='ocrx_word' id='word_1_39' title='bbox 500 690 741 756; x_wconf 87' lang='lat' dir='ltr'>blandissumae</span> <span class='ocrx_word' id='word_1_40' title='bbox 769 692 931 775; x_wconf 87' lang='lat' dir='ltr'>dominae,</span> <span class='ocrx_word' id='word_1_41' title='bbox 962 692 1094 758; x_wconf 89' lang='lat' dir='ltr'>maioris</span> 
     </span>
     <span class='ocr_line' id='line_1_7' title="bbox 90 779 1094 864; baseline 0.003 -22"><span class='ocrx_word' id='word_1_42' title='bbox 90 780 196 864; x_wconf 87' lang='lat' dir='ltr'>partis</span> <span class='ocrx_word' id='word_1_43' title='bbox 219 779 345 843; x_wconf 90' lang='lat' dir='ltr'>animos</span> <span class='ocrx_word' id='word_1_44' title='bbox 373 801 393 842; x_wconf 99' lang='lat' dir='ltr'>a</span> <span class='ocrx_word' id='word_1_45' title='bbox 414 779 536 843; x_wconf 83' lang='lat' dir='ltr'>virtute</span> <span class='ocrx_word' id='word_1_46' title='bbox 563 779 758 862; x_wconf 79' lang='lat' dir='ltr'>detorquent</span> <span class='ocrx_word' id='word_1_47' title='bbox 780 783 827 862; x_wconf 86' lang='lat' dir='ltr'>et,</span> <span class='ocrx_word' id='word_1_48' title='bbox 850 779 998 845; x_wconf 88' lang='lat' dir='ltr'>dolorum</span> <span class='ocrx_word' id='word_1_49' title='bbox 1022 803 1094 845; x_wconf 90' lang='lat' dir='ltr'>curn</span> 
     </span>
     <span class='ocr_line' id='line_1_8' title="bbox 91 866 1095 951; baseline 0 -19"><span class='ocrx_word' id='word_1_50' title='bbox 91 868 304 932; x_wconf 84' lang='lat' dir='ltr'>admoventur</span> <span class='ocrx_word' id='word_1_51' title='bbox 329 866 430 948; x_wconf 88' lang='lat' dir='ltr'>faces,</span> <span class='ocrx_word' id='word_1_52' title='bbox 457 871 587 950; x_wconf 86' lang='lat' dir='ltr'>praeter</span> <span class='ocrx_word' id='word_1_53' title='bbox 613 867 744 932; x_wconf 91' lang='lat' dir='ltr'>modum</span> <span class='ocrx_word' id='word_1_54' title='bbox 766 867 912 951; x_wconf 83' lang='lat' dir='ltr'>plerique</span> <span class='ocrx_word' id='word_1_55' title='bbox 935 871 1095 932; x_wconf 83' lang='lat' dir='ltr'>exterren-</span> 
     </span>
     <span class='ocr_line' id='line_1_9' title="bbox 90 953 1094 1040; baseline 0.002 -22"><span class='ocrx_word' id='word_1_56' title='bbox 90 960 157 1038; x_wconf 86' lang='lat' dir='ltr'>tur;</span> <span class='ocrx_word' id='word_1_57' title='bbox 180 956 249 1018; x_wconf 84' lang='lat' dir='ltr'>vita</span> <span class='ocrx_word' id='word_1_58' title='bbox 271 976 368 1038; x_wconf 89' lang='lat' dir='ltr'>mors,</span> <span class='ocrx_word' id='word_1_59' title='bbox 391 953 523 1018; x_wconf 89' lang='lat' dir='ltr'>divitiae</span> <span class='ocrx_word' id='word_1_60' title='bbox 544 958 721 1040; x_wconf 76' lang='lat' dir='ltr'>paupertas</span> <span class='ocrx_word' id='word_1_61' title='bbox 740 977 851 1020; x_wconf 91' lang='lat' dir='ltr'>omnes</span> <span class='ocrx_word' id='word_1_62' title='bbox 874 955 1022 1020; x_wconf 83' lang='lat' dir='ltr'>homines</span> <span class='ocrx_word' id='word_1_63' title='bbox 1041 977 1094 1021; x_wconf 86' lang='lat' dir='ltr'>ve-</span> 
     </span>
     <span class='ocr_line' id='line_1_10' title="bbox 90 1041 1095 1130; baseline 0.002 -24"><span class='ocrx_word' id='word_1_64' title='bbox 90 1043 334 1106; x_wconf 85' lang='lat' dir='ltr'>hementissime</span> <span class='ocrx_word' id='word_1_65' title='bbox 356 1046 555 1126; x_wconf 85' lang='lat' dir='ltr'>permovent.</span> <span class='ocrx_word' id='word_1_66' title='bbox 592 1041 680 1118; x_wconf 83' lang='lat' dir='ltr'>Quae</span> <span class='ocrx_word' id='word_1_67' title='bbox 699 1043 755 1127; x_wconf 90' lang='lat' dir='ltr'>qui</span> <span class='ocrx_word' id='word_1_68' title='bbox 777 1043 812 1107; x_wconf 94' lang='lat' dir='ltr'>in</span> <span class='ocrx_word' id='word_1_69' title='bbox 829 1047 1000 1127; x_wconf 87' lang='lat' dir='ltr'>utramque</span> <span class='ocrx_word' id='word_1_70' title='bbox 1022 1065 1095 1130; x_wconf 87' lang='lat' dir='ltr'>par·</span> 
     </span>
     <span class='ocr_line' id='line_1_11' title="bbox 90 1130 1095 1216; baseline 0.002 -23"><span class='ocrx_word' id='word_1_71' title='bbox 90 1134 158 1193; x_wconf 89' lang='lat' dir='ltr'>tem</span> <span class='ocrx_word' id='word_1_72' title='bbox 182 1130 308 1194; x_wconf 85' lang='lat' dir='ltr'>excelso</span> <span class='ocrx_word' id='word_1_73' title='bbox 332 1130 440 1194; x_wconf 92' lang='lat' dir='ltr'>animo</span> <span class='ocrx_word' id='word_1_74' title='bbox 458 1151 640 1214; x_wconf 84' lang='lat' dir='ltr'>magnoque</span> <span class='ocrx_word' id='word_1_75' title='bbox 658 1131 854 1216; x_wconf 89' lang='lat' dir='ltr'>despiciunt,</span> <span class='ocrx_word' id='word_1_76' title='bbox 877 1153 1013 1214; x_wconf 89' lang='lat' dir='ltr'>eumque</span> <span class='ocrx_word' id='word_1_77' title='bbox 1036 1131 1095 1196; x_wconf 90' lang='lat' dir='ltr'>ali·</span> 
     </span>
     <span class='ocr_line' id='line_1_12' title="bbox 91 1217 1094 1302; baseline 0.003 -21"><span class='ocrx_word' id='word_1_78' title='bbox 91 1239 156 1301; x_wconf 91' lang='lat' dir='ltr'>qua</span> <span class='ocrx_word' id='word_1_79' title='bbox 177 1218 218 1281; x_wconf 88' lang='lat' dir='ltr'>iis</span> <span class='ocrx_word' id='word_1_80' title='bbox 242 1219 352 1302; x_wconf 90' lang='lat' dir='ltr'>ampla</span> <span class='ocrx_word' id='word_1_81' title='bbox 374 1222 408 1281; x_wconf 91' lang='lat' dir='ltr'>et</span> <span class='ocrx_word' id='word_1_82' title='bbox 425 1217 564 1282; x_wconf 87' lang='lat' dir='ltr'>honesta</span> <span class='ocrx_word' id='word_1_83' title='bbox 581 1239 633 1282; x_wconf 90' lang='lat' dir='ltr'>res</span> <span class='ocrx_word' id='word_1_84' title='bbox 653 1218 779 1283; x_wconf 90' lang='lat' dir='ltr'>obiecta</span> <span class='ocrx_word' id='word_1_85' title='bbox 798 1223 861 1301; x_wconf 89' lang='grc'><strong>000,</strong></span> <span class='ocrx_word' id='word_1_86' title='bbox 883 1223 972 1284; x_wconf 91' lang='lat' dir='ltr'>totos</span> <span class='ocrx_word' id='word_1_87' title='bbox 996 1220 1037 1283; x_wconf 95' lang='lat' dir='ltr'>ad</span> <span class='ocrx_word' id='word_1_88' title='bbox 1060 1241 1094 1284; x_wconf 91' lang='grc'>00</span> 
     </span>
     <span class='ocr_line' id='line_1_13' title="bbox 91 1305 1095 1391; baseline 0.003 -23"><span class='ocrx_word' id='word_1_89' title='bbox 91 1305 252 1369; x_wconf 85' lang='lat' dir='ltr'>convertit</span> <span class='ocrx_word' id='word_1_90' title='bbox 279 1309 312 1368; x_wconf 87' lang='lat' dir='ltr'>et</span> <span class='ocrx_word' id='word_1_91' title='bbox 339 1306 439 1390; x_wconf 90' lang='lat' dir='ltr'>rapit,</span> <span class='ocrx_word' id='word_1_92' title='bbox 468 1308 539 1368; x_wconf 89' lang='lat' dir='ltr'>tum</span> <span class='ocrx_word' id='word_1_93' title='bbox 563 1306 722 1388; x_wconf 82' lang='lat' dir='ltr'>quianon</span> <span class='ocrx_word' id='word_1_94' title='bbox 745 1306 921 1370; x_wconf 86' lang='lat' dir='ltr'>admiretur</span> <span class='ocrx_word' id='word_1_95' title='bbox 944 1307 1095 1391; x_wconf 87' lang='lat' dir='ltr'>splendo-</span> 
     </span>
     <span class='ocr_line' id='line_1_14' title="bbox 91 1374 1148 1499; baseline 0.003 -43"><span class='ocrx_word' id='word_1_96' title='bbox 91 1415 160 1457; x_wconf 90' lang='lat' dir='ltr'>rem</span> <span class='ocrx_word' id='word_1_97' title='bbox 182 1393 518 1477; x_wconf 83' lang='lat' dir='ltr'>pulchritudinemque</span> <span class='ocrx_word' id='word_1_98' title='bbox 540 1393 694 1457; x_wconf 82' lang='lat' dir='ltr'>virtutis?</span> <span class='ocrx_word' id='word_1_99' title='bbox 730 1393 820 1479; x_wconf 84' lang='lat' dir='ltr'>Ergo</span> <span class='ocrx_word' id='word_1_100' title='bbox 844 1393 975 1459; x_wconf 88' lang='lat' dir='ltr'>ethaeo</span> <span class='ocrx_word' id='word_1_101' title='bbox 994 1374 1148 1499; x_wconf 52' lang='lat' dir='ltr'>animil3}</span> 
     </span>
     <span class='ocr_line' id='line_1_15' title="bbox 92 1480 1094 1564; baseline 0.002 -20"><span class='ocrx_word' id='word_1_102' title='bbox 92 1481 302 1564; x_wconf 80' lang='lat' dir='ltr'>despicientia</span> <span class='ocrx_word' id='word_1_103' title='bbox 320 1480 607 1545; x_wconf 81' lang='lat' dir='ltr'>admirabilitatem</span> <span class='ocrx_word' id='word_1_104' title='bbox 625 1501 778 1564; x_wconf 80' lang='lat' dir='ltr'>magnam</span> <span class='ocrx_word' id='word_1_105' title='bbox 796 1480 877 1545; x_wconf 84' lang='lat' dir='ltr'>facit</span> <span class='ocrx_word' id='word_1_106' title='bbox 895 1484 928 1543; x_wconf 89' lang='grc'>00</span> <span class='ocrx_word' id='word_1_107' title='bbox 946 1502 1094 1546; x_wconf 82' lang='lat' dir='ltr'>maxume</span> 
     </span>
     <span class='ocr_line' id='line_1_16' title="bbox 92 1567 1095 1652; baseline 0.001 -21"><span class='ocrx_word' id='word_1_108' title='bbox 92 1569 233 1652; x_wconf 89' lang='lat' dir='ltr'>iustitia,</span> <span class='ocrx_word' id='word_1_109' title='bbox 256 1590 295 1632; x_wconf 86' lang='lat' dir='ltr'>ex</span> <span class='ocrx_word' id='word_1_110' title='bbox 317 1591 382 1652; x_wconf 91' lang='lat' dir='ltr'>qua</span> <span class='ocrx_word' id='word_1_111' title='bbox 403 1591 468 1633; x_wconf 87' lang='lat' dir='ltr'>una</span> <span class='ocrx_word' id='word_1_112' title='bbox 485 1568 606 1633; x_wconf 83' lang='lat' dir='ltr'>virtute</span> <span class='ocrx_word' id='word_1_113' title='bbox 624 1568 685 1632; x_wconf 86' lang='grc'><strong>1111</strong></span> <span class='ocrx_word' id='word_1_114' title='bbox 704 1568 782 1632; x_wconf 89' lang='lat' dir='ltr'>boni</span> <span class='ocrx_word' id='word_1_115' title='bbox 799 1567 1015 1652; x_wconf 88' lang='lat' dir='ltr'>appellantur,</span> <span class='ocrx_word' id='word_1_116' title='bbox 1037 1569 1095 1632; x_wconf 93' lang='lat' dir='ltr'>mi·</span> 
     </span>
     <span class='ocr_line' id='line_1_17' title="bbox 91 1655 1094 1740; baseline 0.002 -21"><span class='ocrx_word' id='word_1_117' title='bbox 91 1656 182 1721; x_wconf 90' lang='lat' dir='ltr'>rifiea</span> <span class='ocrx_word' id='word_1_118' title='bbox 204 1656 362 1740; x_wconf 90' lang='lat' dir='ltr'>quaedam</span> <span class='ocrx_word' id='word_1_119' title='bbox 385 1655 586 1721; x_wconf 89' lang='lat' dir='ltr'>multitudini</span> <span class='ocrx_word' id='word_1_120' title='bbox 607 1655 743 1738; x_wconf 89' lang='lat' dir='ltr'>videtur,</span> <span class='ocrx_word' id='word_1_121' title='bbox 765 1677 824 1720; x_wconf 90' lang='lat' dir='ltr'>neo</span> <span class='ocrx_word' id='word_1_122' title='bbox 845 1655 977 1738; x_wconf 71' lang='lat' dir='ltr'>iniuria,</span> <span class='ocrx_word' id='word_1_123' title='bbox 999 1676 1094 1721; x_wconf 86' lang='lat' dir='ltr'>nemo</span> 
     </span>
     <span class='ocr_line' id='line_1_18' title="bbox 92 1742 1094 1828; baseline 0 -21"><span class='ocrx_word' id='word_1_124' title='bbox 92 1744 177 1807; x_wconf 88' lang='lat' dir='ltr'>enim</span> <span class='ocrx_word' id='word_1_125' title='bbox 208 1745 313 1808; x_wconf 87' lang='lat' dir='ltr'>iustus</span> <span class='ocrx_word' id='word_1_126' title='bbox 344 1766 415 1808; x_wconf 88' lang='grc'><strong>0000</strong></span> <span class='ocrx_word' id='word_1_127' title='bbox 446 1746 569 1828; x_wconf 89' lang='lat' dir='ltr'>potest,</span> <span class='ocrx_word' id='word_1_128' title='bbox 602 1743 657 1828; x_wconf 91' lang='lat' dir='ltr'>qui</span> <span class='ocrx_word' id='word_1_129' title='bbox 683 1747 835 1827; x_wconf 89' lang='lat' dir='ltr'>mortem,</span> <span class='ocrx_word' id='word_1_130' title='bbox 863 1743 918 1826; x_wconf 92' lang='lat' dir='ltr'>qui</span> <span class='ocrx_word' id='word_1_131' title='bbox 941 1742 1094 1826; x_wconf 90' lang='lat' dir='ltr'>dolorem,</span> 
     </span>
     <span class='ocr_line' id='line_1_19' title="bbox 92 1831 1094 1917; baseline 0 -22"><span class='ocrx_word' id='word_1_132' title='bbox 92 1832 148 1915; x_wconf 92' lang='lat' dir='ltr'>qui</span> <span class='ocrx_word' id='word_1_133' title='bbox 171 1832 315 1914; x_wconf 87' lang='lat' dir='ltr'>exilium,</span> <span class='ocrx_word' id='word_1_134' title='bbox 342 1832 398 1915; x_wconf 90' lang='lat' dir='ltr'>qui</span> <span class='ocrx_word' id='word_1_135' title='bbox 425 1835 604 1917; x_wconf 85' lang='lat' dir='ltr'>egestatem</span> <span class='ocrx_word' id='word_1_136' title='bbox 631 1831 740 1915; x_wconf 91' lang='lat' dir='ltr'>timet,</span> <span class='ocrx_word' id='word_1_137' title='bbox 767 1835 824 1895; x_wconf 88' lang='lat' dir='ltr'>aut</span> <span class='ocrx_word' id='word_1_138' title='bbox 851 1831 907 1914; x_wconf 92' lang='lat' dir='ltr'>qui</span> <span class='ocrx_word' id='word_1_139' title='bbox 934 1853 984 1913; x_wconf 96' lang='grc'>00,</span> <span class='ocrx_word' id='word_1_140' title='bbox 1012 1853 1094 1914; x_wconf 92' lang='lat' dir='ltr'>quae</span> 
     </span>
     <span class='ocr_line' id='line_1_20' title="bbox 92 1917 1094 2004; baseline 0.002 -22"><span class='ocrx_word' id='word_1_141' title='bbox 92 1923 168 1983; x_wconf 87' lang='lat' dir='ltr'>sunt</span> <span class='ocrx_word' id='word_1_142' title='bbox 194 1920 246 1982; x_wconf 93' lang='lat' dir='ltr'>his</span> <span class='ocrx_word' id='word_1_143' title='bbox 273 1919 448 2002; x_wconf 85' lang='lat' dir='ltr'>contraria,</span> <span class='ocrx_word' id='word_1_144' title='bbox 476 1919 633 2002; x_wconf 87' lang='lat' dir='ltr'>aequitati</span> <span class='ocrx_word' id='word_1_145' title='bbox 665 1919 842 2004; x_wconf 88' lang='lat' dir='ltr'>anteponit.</span> <span class='ocrx_word' id='word_1_146' title='bbox 890 1917 1094 2003; x_wconf 86' lang='lat' dir='ltr'>Maximeque</span> 
     </span>
     <span class='ocr_line' id='line_1_21' title="bbox 93 2007 1096 2092; baseline 0 -20"><span class='ocrx_word' id='word_1_147' title='bbox 93 2007 295 2072; x_wconf 89' lang='lat' dir='ltr'>admirantur</span> <span class='ocrx_word' id='word_1_148' title='bbox 319 2029 405 2090; x_wconf 89' lang='lat' dir='ltr'>eum,</span> <span class='ocrx_word' id='word_1_149' title='bbox 433 2008 489 2090; x_wconf 93' lang='lat' dir='ltr'>qui</span> <span class='ocrx_word' id='word_1_150' title='bbox 510 2008 646 2092; x_wconf 89' lang='lat' dir='ltr'>pecunia</span> <span class='ocrx_word' id='word_1_151' title='bbox 671 2030 738 2073; x_wconf 89' lang='lat' dir='ltr'>non</span> <span class='ocrx_word' id='word_1_152' title='bbox 759 2011 920 2090; x_wconf 81' lang='lat' dir='ltr'>movetur3</span> <span class='ocrx_word' id='word_1_153' title='bbox 949 2008 1034 2090; x_wconf 90' lang='lat' dir='ltr'>quod</span> <span class='ocrx_word' id='word_1_154' title='bbox 1060 2007 1096 2072; x_wconf 91' lang='lat' dir='ltr'>in</span> 
     </span>
     <span class='ocr_line' id='line_1_22' title="bbox 92 2095 1094 2181; baseline 0.001 -22"><span class='ocrx_word' id='word_1_155' title='bbox 92 2117 156 2179; x_wconf 93' lang='lat' dir='ltr'>quo</span> <span class='ocrx_word' id='word_1_156' title='bbox 182 2095 252 2160; x_wconf 85' lang='lat' dir='ltr'>viro</span> <span class='ocrx_word' id='word_1_157' title='bbox 280 2097 485 2179; x_wconf 88' lang='lat' dir='ltr'>perspectum</span> <span class='ocrx_word' id='word_1_158' title='bbox 513 2096 569 2177; x_wconf 89' lang='lat' dir='ltr'>sit,</span> <span class='ocrx_word' id='word_1_159' title='bbox 596 2095 682 2161; x_wconf 92' lang='lat' dir='ltr'>huno</span> <span class='ocrx_word' id='word_1_160' title='bbox 707 2096 778 2181; x_wconf 78' lang='lat' dir='ltr'>igni</span> <span class='ocrx_word' id='word_1_161' title='bbox 805 2098 986 2180; x_wconf 88' lang='lat' dir='ltr'>spectatum</span> <span class='ocrx_word' id='word_1_162' title='bbox 1009 2095 1094 2160; x_wconf 89' lang='lat' dir='ltr'>arbi-</span> 
     </span>
     <span class='ocr_line' id='line_1_23' title="bbox 91 2183 1093 2269; baseline 0.002 -23"><span class='ocrx_word' id='word_1_163' title='bbox 91 2186 229 2246; x_wconf 91' lang='lat' dir='ltr'>trantur.</span> <span class='ocrx_word' id='word_1_164' title='bbox 264 2183 379 2266; x_wconf 90' lang='lat' dir='ltr'>Itaque</span> <span class='ocrx_word' id='word_1_165' title='bbox 398 2183 457 2246; x_wconf 94' lang='lat' dir='ltr'>illa</span> <span class='ocrx_word' id='word_1_166' title='bbox 474 2183 551 2266; x_wconf 89' lang='lat' dir='ltr'>tria,</span> <span class='ocrx_word' id='word_1_167' title='bbox 570 2205 652 2265; x_wconf 90' lang='lat' dir='ltr'>quae</span> <span class='ocrx_word' id='word_1_168' title='bbox 670 2183 839 2268; x_wconf 87' lang='lat' dir='ltr'>proposita</span> <span class='ocrx_word' id='word_1_169' title='bbox 862 2187 938 2247; x_wconf 88' lang='lat' dir='ltr'>sunt</span> <span class='ocrx_word' id='word_1_170' title='bbox 961 2183 1002 2247; x_wconf 88' lang='lat' dir='ltr'>ad</span> <span class='ocrx_word' id='word_1_171' title='bbox 1025 2183 1093 2269; x_wconf 86' lang='lat' dir='ltr'>glo-</span> 
     </span>
     <span class='ocr_line' id='line_1_24' title="bbox 91 2268 1094 2354; baseline 0.003 -22"><span class='ocrx_word' id='word_1_172' title='bbox 91 2271 188 2352; x_wconf 89' lang='lat' dir='ltr'>riam,</span> <span class='ocrx_word' id='word_1_173' title='bbox 212 2271 320 2335; x_wconf 86' lang='lat' dir='ltr'>onmia</span> <span class='ocrx_word' id='word_1_174' title='bbox 342 2271 468 2334; x_wconf 88' lang='lat' dir='ltr'>iustitia</span> <span class='ocrx_word' id='word_1_175' title='bbox 491 2270 632 2353; x_wconf 85' lang='lat' dir='ltr'>conficit,</span> <span class='ocrx_word' id='word_1_176' title='bbox 659 2273 692 2334; x_wconf 90' lang='lat' dir='ltr'>et</span> <span class='ocrx_word' id='word_1_177' title='bbox 714 2268 980 2354; x_wconf 88' lang='lat' dir='ltr'>benivolentiam,</span> <span class='ocrx_word' id='word_1_178' title='bbox 1008 2271 1094 2353; x_wconf 91' lang='lat' dir='ltr'>quod</span> 
     </span>
     <span class='ocr_line' id='line_1_25' title="bbox 91 2357 1094 2442; baseline 0.002 -22"><span class='ocrx_word' id='word_1_179' title='bbox 91 2359 245 2441; x_wconf 90' lang='lat' dir='ltr'>prodesse</span> <span class='ocrx_word' id='word_1_180' title='bbox 272 2359 343 2422; x_wconf 82' lang='lat' dir='ltr'>vult</span> <span class='ocrx_word' id='word_1_181' title='bbox 370 2359 534 2442; x_wconf 81' lang='lat' dir='ltr'>plurimis,</span> <span class='ocrx_word' id='word_1_182' title='bbox 562 2361 595 2421; x_wconf 87' lang='lat' dir='ltr'>et</span> <span class='ocrx_word' id='word_1_183' title='bbox 622 2357 664 2422; x_wconf 88' lang='lat' dir='ltr'>ob</span> <span class='ocrx_word' id='word_1_184' title='bbox 688 2358 821 2421; x_wconf 89' lang='lat' dir='ltr'>eandem</span> <span class='ocrx_word' id='word_1_185' title='bbox 844 2379 975 2422; x_wconf 88' lang='lat' dir='ltr'>causam</span> <span class='ocrx_word' id='word_1_186' title='bbox 997 2358 1094 2422; x_wconf 89' lang='lat' dir='ltr'>fidem</span> 
     </span>
     <span class='ocr_line' id='line_1_26' title="bbox 92 2445 1094 2544; baseline -0.001 -35"><span class='ocrx_word' id='word_1_187' title='bbox 92 2449 126 2509; x_wconf 90' lang='lat' dir='ltr'>et</span> <span class='ocrx_word' id='word_1_188' title='bbox 144 2445 403 2526; x_wconf 86' lang='lat' dir='ltr'>admirationem,</span> <span class='ocrx_word' id='word_1_189' title='bbox 426 2445 513 2528; x_wconf 93' lang='lat' dir='ltr'>quod</span> <span class='ocrx_word' id='word_1_190' title='bbox 531 2466 586 2544; x_wconf 79' lang='lat' dir='ltr'>eas</span> <span class='ocrx_word' id='word_1_191' title='bbox 604 2465 662 2544; x_wconf 38' lang='lat' dir='ltr'>res·</span> <span class='ocrx_word' id='word_1_192' title='bbox 680 2445 803 2528; x_wconf 88' lang='lat' dir='ltr'>spernit</span> <span class='ocrx_word' id='word_1_193' title='bbox 819 2448 858 2544; x_wconf 35' lang='lat' dir='ltr'>,et</span> <span class='ocrx_word' id='word_1_194' title='bbox 875 2445 1030 2530; x_wconf 84' lang='lat' dir='ltr'>neglegit,</span> <span class='ocrx_word' id='word_1_195' title='bbox 1053 2445 1094 2509; x_wconf 92' lang='lat' dir='ltr'>ad</span> 
     </span>
     <span class='ocr_line' id='line_1_27' title="bbox 92 2530 1146 2704; baseline -0.001 -21"><span class='ocrx_word' id='word_1_196' title='bbox 92 2530 1020 2704; x_wconf 54' lang='lat' dir='ltr'>quai0³³¹{liuillflaalllillellllllinillilltaa</span> <span class='ocrx_word' id='word_1_197' title='bbox 1047 2617 1093 2682; x_wconf 76' lang='lat' dir='ltr'>a.</span> <span class='ocrx_word' id='word_1_198' title='bbox 1111 2632 1146 2682; x_wconf 73' lang='lat' dir='ltr'>a</span> 
     </span>
     <span class='ocr_line' id='line_1_28' title="bbox 92 2703 1093 2789; baseline -0.006 -17"><span class='ocrx_word' id='word_1_199' title='bbox 92 2707 220 2772; x_wconf 91' lang='lat' dir='ltr'>stitutio</span> <span class='ocrx_word' id='word_1_200' title='bbox 248 2707 334 2771; x_wconf 85' lang='lat' dir='ltr'>vitae</span> <span class='ocrx_word' id='word_1_201' title='bbox 363 2706 549 2771; x_wconf 90' lang='lat' dir='ltr'>adiumenta</span> <span class='ocrx_word' id='word_1_202' title='bbox 575 2705 743 2769; x_wconf 92' lang='lat' dir='ltr'>hominum</span> <span class='ocrx_word' id='word_1_203' title='bbox 771 2703 944 2786; x_wconf 88' lang='lat' dir='ltr'>desiderat,</span> <span class='ocrx_word' id='word_1_204' title='bbox 972 2703 1006 2768; x_wconf 95' lang='lat' dir='ltr'>in</span> <span class='ocrx_word' id='word_1_205' title='bbox 1029 2704 1093 2789; x_wconf 87' lang='lat' dir='ltr'>pri-</span> 
     </span>
     <span class='ocr_line' id='line_1_29' title="bbox 93 2790 1092 2878; baseline -0.003 -20"><span class='ocrx_word' id='word_1_206' title='bbox 93 2795 217 2877; x_wconf 87' lang='lat' dir='ltr'>misque</span> <span class='ocrx_word' id='word_1_207' title='bbox 240 2799 277 2858; x_wconf 91' lang='lat' dir='ltr'>ut</span> <span class='ocrx_word' id='word_1_208' title='bbox 299 2795 432 2877; x_wconf 88' lang='lat' dir='ltr'>habeat,</span> <span class='ocrx_word' id='word_1_209' title='bbox 463 2795 654 2878; x_wconf 83' lang='lat' dir='ltr'>quibuscum</span> <span class='ocrx_word' id='word_1_210' title='bbox 682 2791 786 2876; x_wconf 89' lang='lat' dir='ltr'>possit</span> <span class='ocrx_word' id='word_1_211' title='bbox 812 2790 991 2855; x_wconf 87' lang='lat' dir='ltr'>familiares</span> <span class='ocrx_word' id='word_1_212' title='bbox 1019 2812 1092 2855; x_wconf 92' lang='lat' dir='ltr'>oon·</span> 
     </span>
     <span class='ocr_line' id='line_1_30' title="bbox 91 2878 1093 2965; baseline -0.002 -20"><span class='ocrx_word' id='word_1_213' title='bbox 91 2882 176 2946; x_wconf 89' lang='lat' dir='ltr'>ferre</span> <span class='ocrx_word' id='word_1_214' title='bbox 204 2904 382 2964; x_wconf 72' lang='lat' dir='ltr'>sermones,</span> <span class='ocrx_word' id='word_1_215' title='bbox 410 2882 495 2965; x_wconf 92' lang='lat' dir='ltr'>quod</span> <span class='ocrx_word' id='word_1_216' title='bbox 523 2885 573 2944; x_wconf 87' lang='grc'>000</span> <span class='ocrx_word' id='word_1_217' title='bbox 597 2879 740 2962; x_wconf 88' lang='lat' dir='ltr'>difficile,</span> <span class='ocrx_word' id='word_1_218' title='bbox 766 2878 831 2943; x_wconf 91' lang='lat' dir='ltr'>nisi</span> <span class='ocrx_word' id='word_1_219' title='bbox 854 2878 992 2962; x_wconf 88' lang='lat' dir='ltr'>speciem</span> <span class='ocrx_word' id='word_1_220' title='bbox 1015 2900 1093 2963; x_wconf 88' lang='lat' dir='ltr'>prae</span> 
     </span>
     <span class='ocr_line' id='line_1_31' title="bbox 91 2965 1093 3053; baseline -0.002 -21"><span class='ocrx_word' id='word_1_221' title='bbox 91 2974 124 3033; x_wconf 89' lang='lat' dir='ltr'>te</span> <span class='ocrx_word' id='word_1_222' title='bbox 147 2970 225 3034; x_wconf 88' lang='lat' dir='ltr'>boni</span> <span class='ocrx_word' id='word_1_223' title='bbox 252 2970 314 3033; x_wconf 85' lang='lat' dir='ltr'>viri</span> <span class='ocrx_word' id='word_1_224' title='bbox 339 2969 434 3033; x_wconf 88' lang='lat' dir='ltr'>feras.</span> <span class='ocrx_word' id='word_1_225' title='bbox 479 2968 568 3053; x_wconf 81' lang='lat' dir='ltr'>Ergo</span> <span class='ocrx_word' id='word_1_226' title='bbox 598 2970 696 3032; x_wconf 86' lang='lat' dir='ltr'>ettam</span> <span class='ocrx_word' id='word_1_227' title='bbox 724 2965 872 3031; x_wconf 86' lang='lat' dir='ltr'>solitario</span> <span class='ocrx_word' id='word_1_228' title='bbox 899 2966 1024 3030; x_wconf 90' lang='lat' dir='ltr'>homini</span> <span class='ocrx_word' id='word_1_229' title='bbox 1047 2971 1093 3032; x_wconf 90' lang='grc'>00-</span> 
     </span>
     <span class='ocr_line' id='line_1_32' title="bbox 92 3054 1093 3143; baseline -0.001 -23"><span class='ocrx_word' id='word_1_230' title='bbox 92 3079 153 3141; x_wconf 86' lang='lat' dir='ltr'>que</span> <span class='ocrx_word' id='word_1_231' title='bbox 179 3058 215 3121; x_wconf 89' lang='lat' dir='ltr'>in</span> <span class='ocrx_word' id='word_1_232' title='bbox 242 3078 322 3143; x_wconf 82' lang='lat' dir='ltr'>agro</span> <span class='ocrx_word' id='word_1_233' title='bbox 349 3057 451 3120; x_wconf 89' lang='lat' dir='ltr'>vitam</span> <span class='ocrx_word' id='word_1_234' title='bbox 479 3056 591 3141; x_wconf 85' lang='lat' dir='ltr'>agenti</span> <span class='ocrx_word' id='word_1_235' title='bbox 613 3055 722 3139; x_wconf 91' lang='lat' dir='ltr'>opinio</span> <span class='ocrx_word' id='word_1_236' title='bbox 746 3054 889 3119; x_wconf 89' lang='lat' dir='ltr'>iustitiae</span> <span class='ocrx_word' id='word_1_237' title='bbox 911 3055 1093 3119; x_wconf 86' lang='lat' dir='ltr'>necessaria</span> 
     </span>
     <span class='ocr_line' id='line_1_33' title="bbox 92 3142 1092 3228; baseline -0.002 -20"><span class='ocrx_word' id='word_1_238' title='bbox 92 3149 154 3227; x_wconf 90' lang='lat' dir='ltr'>est,</span> <span class='ocrx_word' id='word_1_239' title='bbox 177 3167 277 3228; x_wconf 89' lang='lat' dir='ltr'>eoque</span> <span class='ocrx_word' id='word_1_240' title='bbox 301 3144 398 3208; x_wconf 90' lang='lat' dir='ltr'>etiam</span> <span class='ocrx_word' id='word_1_241' title='bbox 422 3144 540 3226; x_wconf 70' lang='lat' dir='ltr'>magis,</span> <span class='ocrx_word' id='word_1_242' title='bbox 564 3143 663 3227; x_wconf 92' lang='lat' dir='ltr'>quod,</span> <span class='ocrx_word' id='word_1_243' title='bbox 689 3164 760 3207; x_wconf 88' lang='grc'><strong>00111</strong></span> <span class='ocrx_word' id='word_1_244' title='bbox 784 3142 811 3207; x_wconf 91' lang='grc'>01</span> <span class='ocrx_word' id='word_1_245' title='bbox 833 3163 900 3207; x_wconf 90' lang='lat' dir='ltr'>non</span> <span class='ocrx_word' id='word_1_246' title='bbox 917 3142 1092 3226; x_wconf 89' lang='lat' dir='ltr'>habebunt,</span> 
     </span>
     <span class='ocr_line' id='line_1_34' title="bbox 93 3229 1092 3315; baseline -0.003 -19"><span class='ocrx_word' id='word_1_247' title='bbox 93 3233 218 3312; x_wconf 90' lang='lat' dir='ltr'>[iniusti</span> <span class='ocrx_word' id='word_1_248' title='bbox 236 3233 462 3314; x_wconf 87' lang='lat' dir='ltr'>habebuntur,]</span> <span class='ocrx_word' id='word_1_249' title='bbox 484 3231 584 3294; x_wconf 90' lang='lat' dir='ltr'>nullis</span> <span class='ocrx_word' id='word_1_250' title='bbox 602 3230 771 3315; x_wconf 87' lang='lat' dir='ltr'>praesidiis</span> <span class='ocrx_word' id='word_1_251' title='bbox 791 3229 896 3314; x_wconf 89' lang='lat' dir='ltr'>saepti</span> <span class='ocrx_word' id='word_1_252' title='bbox 915 3230 1027 3294; x_wconf 91' lang='lat' dir='ltr'>multis</span> <span class='ocrx_word' id='word_1_253' title='bbox 1047 3230 1092 3295; x_wconf 86' lang='lat' dir='ltr'>af-</span> 
     </span>
     <span class='ocr_line' id='line_1_35' title="bbox 90 3318 1146 3402; baseline -0.001 -18"><span class='ocrx_word' id='word_1_254' title='bbox 90 3321 238 3384; x_wconf 89' lang='lat' dir='ltr'>ficientur</span> <span class='ocrx_word' id='word_1_255' title='bbox 251 3319 388 3383; x_wconf 89' lang='lat' dir='ltr'>iniuriis.</span> <span class='ocrx_word' id='word_1_256' title='bbox 423 3319 532 3402; x_wconf 90' lang='lat' dir='ltr'>Atque</span> <span class='ocrx_word' id='word_1_257' title='bbox 549 3318 590 3382; x_wconf 89' lang='lat' dir='ltr'>iis</span> <span class='ocrx_word' id='word_1_258' title='bbox 609 3318 721 3401; x_wconf 90' lang='lat' dir='ltr'>etiam,</span> <span class='ocrx_word' id='word_1_259' title='bbox 740 3319 796 3402; x_wconf 92' lang='lat' dir='ltr'>qui</span> <span class='ocrx_word' id='word_1_260' title='bbox 813 3318 955 3382; x_wconf 88' lang='lat' dir='ltr'>vendunt</span> <span class='ocrx_word' id='word_1_261' title='bbox 974 3322 1093 3402; x_wconf 93' lang='lat' dir='ltr'>emunt,</span> <span class='ocrx_word' id='word_1_262' title='bbox 1112 3334 1146 3384; x_wconf 87' lang='lat'>40</span> 
     </span>
     <span class='ocr_line' id='line_1_36' title="bbox 92 3405 1093 3491; baseline -0.003 -20"><span class='ocrx_word' id='word_1_263' title='bbox 92 3408 274 3472; x_wconf 88' lang='lat' dir='ltr'>conducunt</span> <span class='ocrx_word' id='word_1_264' title='bbox 302 3406 411 3472; x_wconf 89' lang='lat' dir='ltr'>locant</span> <span class='ocrx_word' id='word_1_265' title='bbox 438 3406 727 3490; x_wconf 88' lang='lat' dir='ltr'>contrahendisque</span> <span class='ocrx_word' id='word_1_266' title='bbox 758 3405 900 3491; x_wconf 83' lang='lat' dir='ltr'>negotiis</span> <span class='ocrx_word' id='word_1_267' title='bbox 927 3405 1093 3490; x_wconf 89' lang='lat' dir='ltr'>implican-</span> 
     </span>
     <span class='ocr_line' id='line_1_37' title="bbox 90 3492 1174 3594; baseline -0.004 -36"><span class='ocrx_word' id='word_1_268' title='bbox 90 3499 154 3579; x_wconf 83' lang='lat' dir='ltr'>tur,</span> <span class='ocrx_word' id='word_1_269' title='bbox 181 3495 308 3560; x_wconf 89' lang='lat' dir='ltr'>iustitia</span> <span class='ocrx_word' id='word_1_270' title='bbox 335 3495 376 3560; x_wconf 90' lang='lat' dir='ltr'>ad</span> <span class='ocrx_word' id='word_1_271' title='bbox 402 3516 471 3560; x_wconf 89' lang='lat' dir='ltr'>rem</span> <span class='ocrx_word' id='word_1_272' title='bbox 499 3494 673 3586; x_wconf 79' lang='lat' dir='ltr'>gerendam</span> <span class='ocrx_word' id='word_1_273' title='bbox 692 3493 886 3594; x_wconf 54' lang='lat' dir='ltr'>,milliaria</span> <span class='ocrx_word' id='word_1_274' title='bbox 913 3495 976 3576; x_wconf 89' lang='lat' dir='ltr'>est,</span> <span class='ocrx_word' id='word_1_275' title='bbox 1003 3492 1093 3556; x_wconf 86' lang='lat' dir='ltr'>cuius</span> <span class='ocrx_word' id='word_1_276' title='bbox 1169 3540 1174 3573; x_wconf 67' lang='grc'><strong>,</strong></span> 
     </span>
    </p>
   </div>
   <div class='ocr_carea' id='block_1_3' title="bbox 0 0 1245 3848">
    <p class='ocr_par' dir='ltr' id='par_1_3' title="bbox 0 0 1245 3848">
     <span class='ocr_line' id='line_1_38' title="bbox 0 0 1245 3848; baseline 0 0"><span class='ocrx_word' id='word_1_277' title='bbox 0 0 1245 3848; x_wconf 95' lang='lat' dir='ltr'> </span> 
     </span>
    </p>
   </div>
  </div>
 </body>
</html>
