2476 3848
538 179 777 245 -354-

156 341 337 425 inlustrius3
369 346 404 406 at
435 363 495 406 nos
527 340 680 405 metiendi
707 340 983 424 ratiocinandique
1019 341 1174 410 utilitate

155 431 252 495 huius
277 430 355 494 artis
378 429 621 494 terminavimus
645 429 784 494 modum.

116 515 138 579 3
222 519 268 583 At
286 521 398 583 contra
423 522 585 583 oratorem
608 517 755 581 celeriter
777 517 936 600 complexi
959 539 1079 602 sumus,
1104 541 1170 585 nec

157 607 352 690 cumprime
372 606 544 688 eruditum,
565 609 677 688 aptum
696 608 806 669 tamen
823 605 863 669 ad
881 605 1064 689 dicendum,
1088 612 1172 690 post

157 699 264 760 autem
288 694 456 759 eruditum.
500 691 585 757 Nam
609 691 760 776 Galbam,
787 692 990 777 Africanum,
1013 692 1170 760 Laelium

157 784 268 848 doctos
290 781 390 846 fuisse
409 782 562 845 traditum
582 783 644 863 est,
667 779 847 845 studiosum
868 786 1083 864 autemeam,
1109 785 1169 868 qui

155 871 197 936 iis
216 874 321 934 aetate
339 870 496 950 anteibat,
520 866 688 951 Catonem,
707 872 784 951 post
803 889 879 933 vero
898 868 1066 951 Lepidum,
1086 867 1168 935 Oar-

156 960 282 1040 bonem,
296 957 467 1042 Gracchos,
484 956 558 1020 inde
576 957 623 1020 ita
637 976 772 1040 magnos
790 960 937 1022 nostram
953 958 994 1021 ad
1013 959 1168 1043 aetatem,

156 1049 284 1110 utnon
310 1046 448 1109 multum
477 1048 533 1108 aut
559 1044 641 1108 nihil
669 1044 801 1110 omnino
829 1043 959 1109 Graecis
987 1045 1167 1113 cederetur.

156 1132 366 1216 Philosophia
392 1132 492 1196 iacuit
513 1153 613 1217 usque
637 1132 677 1197 ad
700 1132 786 1197 hanc
809 1137 950 1197 aetatem
971 1154 1031 1197 nec
1057 1133 1166 1200 ullum

156 1221 272 1286 habuit
294 1221 403 1284 lumen
424 1221 608 1285 litterarum
626 1219 828 1304 Latinarum3
852 1242 934 1305 quae
956 1220 1168 1289 inlustranda

157 1313 189 1374 et
212 1308 380 1373 excitanda
401 1307 498 1374 nobis
521 1312 583 1391 est,
606 1312 655 1391 ut,
678 1310 707 1373 si
730 1309 877 1391 occupati
899 1308 1078 1392 profuimus
1104 1312 1167 1376 ali·

156 1397 233 1482 quid
264 1397 387 1461 civibus
418 1397 553 1478 nostris,
582 1397 742 1480 prosimus
775 1397 887 1480 etiam,
920 1397 949 1461 si
979 1419 1167 1483 possumus,

121 1486 263 1557 octiosi.
299 1485 334 1549 In
360 1506 423 1569 quo
443 1506 480 1550 eo
500 1485 604 1569 magis
626 1485 721 1550 nobis
745 1489 795 1550 est
817 1485 1056 1569 elaborandum,
1075 1488 1165 1571 quod

156 1574 250 1639 multi
272 1574 336 1637 iam
360 1594 430 1638 esse
452 1572 528 1637 libri
550 1572 659 1638 Latini
682 1573 832 1638 dicuntur
850 1573 963 1656 scripti
981 1574 1164 1638 inconside-

156 1666 225 1726 rate
249 1661 290 1725 ab
314 1661 445 1744 optimis
468 1661 536 1724 illis
560 1661 689 1744 quidem
709 1661 801 1743 viris,
823 1660 880 1725 sed
901 1662 1066 1726 nonsatis
1089 1683 1162 1725 eru·

156 1750 241 1814 ditis.
276 1748 363 1813 Fieri
386 1752 494 1813 autem
517 1752 639 1831 potest,
661 1752 698 1814 ut
718 1753 805 1812 recte
823 1749 894 1832 quis
918 1749 1040 1814 sentiat
1060 1751 1092 1813 et
1115 1748 1160 1828 id,

155 1837 241 1922 quod
268 1837 378 1918 sentit,
410 1837 510 1919 polite
538 1835 647 1919 eloqui
673 1859 738 1901 non
771 1837 886 1922 possit3
920 1836 976 1901 sed
1006 1837 1162 1902 mandare

155 1947 347 2010 quemquam
382 1923 501 1988 litteris
537 1923 751 2008 cogitationes
789 1947 877 2008 suas,
918 1926 974 2009 qui
1010 1946 1064 1989 eas
1099 1943 1163 1991 nec

156 2013 324 2096 disponere
341 2032 401 2075 nec
419 2012 592 2075 inlustrare
610 2012 716 2094 possit
733 2034 792 2076 nec
815 2013 1027 2077 delectatione
1050 2013 1163 2098 aliqua

156 2100 282 2165 allicere
305 2100 471 2181 lectorem,
494 2099 635 2163 hominis
657 2104 708 2164 est
724 2100 977 2184 intemperanter
995 2101 1163 2167 abutentis

155 2192 189 2252 et
211 2189 278 2253 otio
302 2191 336 2253 et
357 2186 485 2251 litteris.
520 2186 634 2270 Itaque
652 2209 727 2252 suos
748 2188 850 2252 libros
868 2189 933 2273 ipsi
950 2189 1063 2273 legunt
1086 2211 1163 2254 cum

156 2276 236 2360 suis,
262 2297 322 2340 nec
350 2274 520 2358 quisquam
544 2275 678 2360 attingit
699 2280 827 2359 praeter
849 2298 918 2360 eos,
946 2277 1000 2361 qui
1024 2278 1163 2342 eandem

155 2365 319 2429 licentiam
352 2363 512 2428 scribendi
544 2364 606 2429 sibi
637 2365 783 2448 permitti
814 2365 934 2429 volunt.
993 2363 1100 2440 Quare
1133 2367 1164 2431 si

156 2453 276 2536 aliquid
310 2451 469 2517 oratoriae
503 2452 607 2516 laudis
641 2457 754 2518 nostra
790 2453 959 2517 attulimus
990 2451 1164 2533 industria,

156 2542 258 2605 multo
297 2540 472 2606 studiosius
508 2540 735 2624 philosophiae
770 2540 873 2606 fontis
910 2541 1104 2625 aperiemus,
1142 2562 1164 2608 e

116 2628 812 2810 ‘ssqmlbUelledltanhrilsliotldlldiibiiitsummo
840 2717 982 2801 ingenio,
1014 2716 1165 2802 scientia,

156 2805 264 2889 copia,
300 2825 374 2868 cum
408 2807 515 2869 motus
552 2810 637 2869 esset
679 2804 833 2869 Isocratis
868 2804 1009 2869 rhetoris
1045 2805 1164 2889 gloria,

156 2893 260 2956 dicere
283 2893 384 2957 docem
407 2892 504 2957 etiam
528 2893 633 2976 coepit
655 2892 873 2957 adulescentes
897 2897 930 2957 et
954 2891 1163 2976 prudentiam

156 3002 228 3043 cum
248 2980 429 3064 eloquentia
446 2979 591 3063 iungere,
610 2981 655 3045 sic
673 2980 768 3046 nobis
786 2980 891 3064 placet
908 3001 969 3045 nec
986 2980 1164 3064 pristinum

157 3067 281 3131 dicendi
301 3067 442 3132 studium
461 3067 618 3151 deponere
637 3073 670 3132 et
688 3070 723 3133 in
741 3067 803 3133 hac
821 3068 942 3134 maiore
961 3072 994 3132 et
1011 3068 1165 3134 uberiore

157 3159 225 3218 arte
261 3156 391 3219 versari.
448 3154 542 3220 Hanc
579 3156 664 3219 enim
704 3157 881 3240 perlectam
920 3154 1165 3240 philosophiam

157 3264 283 3325 semper
328 3243 480 3325 iudicavi,
525 3264 606 3326 quae
647 3243 685 3307 de
726 3245 874 3310 maximis
915 3244 1164 3329 quaestionibus

156 3331 285 3415 copiose
308 3334 419 3414 posset
440 3335 615 3414 ornateque
638 3331 756 3416 dicere,
777 3332 812 3396 in
835 3354 931 3417 quam
958 3332 1162 3398 exercitatio·

155 3438 230 3482 nem
254 3417 300 3482 ita
322 3439 382 3482 nos
407 3420 546 3483 studiose
575 3418 732 3501 dedimus,
758 3423 796 3483 ut
822 3420 887 3485 iain
910 3422 1008 3486 etiam
1031 3420 1164 3486 scholas

92 3448 116 3631 ,
154 3503 352 3573 Graecorum
379 3527 467 3571 more
494 3506 613 3571 habere
642 3508 844 3590 auderemus,
875 3511 913 3573 ut
937 3529 1040 3593 nuper
1066 3511 1164 3574 tuum
