2476 3848
536 169 678 234 -362
725 205 766 216 -

142 330 259 395 fundus
291 333 349 395 aut
379 334 507 416 quaet
493 329 569 394 talis
601 329 700 394 animi
732 329 873 414 figura
862 351 897 393 1n
898 329 1008 431 tellegi
1024 333 1151 432 potest

143 423 200 483 aut
221 441 318 522 quae·
325 422 418 483 tanta
440 419 571 484 omnino
593 417 779 500 capacitas?
823 418 909 482 An
899 419 1032 501 inprimi
1038 419 1151 570 tquasi

143 528 249 572 ceram
268 509 411 571 animum
428 511 588 591 putamus,
607 509 640 570 et
654 527 722 570 esse
736 505 926 570 memoriam
944 507 1151 590 signatarum

142 617 250 659 rerum
276 595 311 659 in
338 598 444 660 mente
473 592 635 679 vestigia?
684 592 772 669 Quae
804 598 940 676 possunt
966 593 1150 678 verborum,

143 705 224 766 quae
255 704 362 746 rerum
393 683 536 765 ipsarum
569 702 638 746 esse
665 681 817 766 vestigia,
845 703 926 765 quae
952 703 1050 765 porro
1076 686 1150 747 tam

142 770 290 836 inmensa
329 770 536 855 magnitudo,
580 789 661 852 quae
696 769 756 833 1111
790 773 860 833 tam
899 769 1003 834 multa
1042 771 1150 853 possit

143 857 318 942 effingere?
364 858 469 934 Quid?
491 857 549 922 illa
571 857 620 920 vis
644 878 725 940 quae
747 858 880 922 tandem
902 861 964 935 est,
994 879 1076 942 quae
1098 859 1150 923 in-

143 946 285 1030 vestigat
302 945 441 1024 occulta,
460 967 542 1029 quae
557 945 699 1008 inventio
719 947 815 1028 atque
834 945 988 1029 cogitatio
1008 945 1148 1010 dicitur?

90 1047 123 1097 ⁶2
143 1033 194 1097 Ex
221 1033 323 1097 haene
350 1033 412 1098 tibi
439 1036 567 1096 terrena
594 1033 786 1116 mortalique
817 1037 935 1098 natura
965 1037 998 1097 et
1028 1032 1150 1100 caduca

143 1124 294 1185 concreta
320 1141 358 1185 ea
383 1120 521 1205 videtur,
549 1124 606 1184 aut
632 1121 687 1204 qui
715 1121 853 1203 primus,
888 1121 972 1205 quod
1004 1143 1149 1186 summae

144 1209 319 1292 sapientiae
341 1209 548 1293 Pythagorae
570 1210 674 1272 visum
701 1213 764 1291 est,
791 1209 940 1273 omnibus
967 1209 1064 1274 rebus
1088 1212 1147 1275 im-

143 1297 252 1381 posuit
273 1297 417 1379 nomina,
441 1301 497 1361 aut
519 1297 575 1381 qui
597 1296 772 1380 dissipatos
800 1297 947 1362 homines
971 1318 1148 1383 congrega-

143 1385 191 1450 vit
219 1384 314 1449 etad
337 1385 524 1450 societatem
550 1385 637 1450 vitae
660 1385 862 1468 convocavit,
892 1389 949 1449 aut
972 1385 1027 1468 qui
1050 1406 1148 1452 sonos

143 1475 245 1556 vocis,
268 1473 322 1557 qui
345 1473 464 1537 infiniti
487 1473 690 1556 videbantur,
717 1473 828 1555 paucis
856 1473 1038 1537 litterarum
1058 1474 1149 1539 notis

143 1561 341 1645 terminavit,
364 1566 421 1626 aut
444 1562 499 1645 qui
521 1561 696 1625 errantium
720 1561 887 1624 stellarum
911 1582 1035 1644 cursus,
1058 1583 1150 1644 prae·

144 1651 341 1734 gressiones,
364 1650 549 1714 institiones
572 1647 720 1713 notavit?
761 1648 878 1713 Omnes
902 1648 1026 1732 magni,
1049 1649 1150 1714 etiam

144 1737 1150 1908 1111111111111111111111

144 1914 298 2063 adqulibus
318 1913 591 2062 1111111111111111111
614 1911 979 2064 11ῗ1111ἲ1111ἷ1111
992 1913 1149 2066 balrtissiactiis

144 2023 163 2062 a
204 2022 251 2062 ee
276 2021 402 2063 an10ra
446 2021 623 2062 euxlmus.
692 2020 779 2061 ame
818 2022 888 2064 aun
911 2021 989 2064 uso
1028 2021 1063 2064 ec
1115 2023 1149 2068 10

143 2020 274 2171 magnag
293 2089 387 2169 parta
411 2089 468 2168 est,
491 2087 623 2150 inventa
652 2090 684 2149 et
714 2090 894 2171 temperata
925 2088 1084 2154 varietate
1115 2094 1151 2155 ct

143 2178 260 2237 natura
288 2194 454 2256 sonorum,
481 2177 514 2236 et
542 2179 630 2238 astra
657 2176 857 2257 suspeximus
886 2198 957 2241 cum
984 2197 1035 2260 ea,
1067 2199 1151 2261 quae

145 2266 221 2325 sunt
243 2261 342 2324 infixa
360 2265 428 2324 cert
429 2262 457 2326 11
479 2262 572 2345 11111,
594 2265 663 2326 tum
686 2262 744 2326 illa
761 2285 826 2327 non
844 2286 893 2346 re,
917 2265 972 2328 sed
991 2267 1151 2332 vocabulo

144 2350 297 2433 errantia,
330 2371 466 2450 quornm
500 2349 724 2415 conversiones
756 2353 922 2436 omnisque
953 2357 1060 2417 motus
1094 2354 1152 2438 qui

145 2437 252 2502 animo
284 2437 419 2516 vidit,
410 2461 437 2502 11
470 2439 579 2502 docuit
610 2438 750 2503 similem
782 2440 926 2504 animum
958 2463 1050 2505 suum
1079 2442 1150 2506 eius

93 2526 316 2610 6311111111
348 2547 386 2590 ea
416 2526 593 2591 fabricatus
626 2527 752 2591 esset
742 2549 776 2590 1n
808 2528 905 2591 caelo.
958 2526 1044 2592 Nam
1076 2551 1151 2595 cum

145 2577 354 2680 Arcliimedes
377 2613 484 2691 lunae,
509 2614 600 2697 solis,
623 2615 760 2699 quinque
784 2616 961 2679 errantium
982 2617 1152 2682 motusin

146 2702 316 2783 sphaeram
348 2701 511 2786 inligavit,
543 2702 649 2768 effecit
679 2704 777 2786 idem,
809 2703 894 2786 quod
924 2703 994 2786 ille,
1028 2705 1083 2788 qui
1114 2705 1155 2770 in-

145 2789 275 2853 Timaeo
299 2790 451 2852 mundum
475 2791 667 2873 aedificavit,
694 2791 841 2856 Platonis
869 2792 960 2874 deus,
987 2793 1024 2854 ut
1049 2792 1152 2856 tardi-

145 2880 212 2940 tate
249 2880 282 2941 et
318 2877 481 2941 eeleritate
517 2878 748 2942 dissimillimos
788 2882 895 2943 motus
927 2901 991 2943 una
1021 2887 1152 2964 regeret

145 2966 320 3029 conversio.
365 2964 456 3041 Quod
481 2966 508 3028 si
530 2965 565 3029 in
587 2964 649 3030 hoc
670 2965 788 3030 mundo
814 2966 884 3031 ficri
907 2967 976 3032 sinc
1000 2965 1059 3032 deo
1082 2990 1152 3034 non

145 3056 266 3135 potest,
283 3075 334 3152 ‚ne
362 3054 396 3117 in
424 3053 561 3137 sphaera
589 3053 717 3138 quidem
744 3055 873 3119 eosdem
900 3058 1006 3120 motus
1034 3055 1152 3121 Archi·

92 3140 1153 3322 a¹1¹0t⁸1t¹¹¹tl0¹vt⁰l2t⁰¹lttl¹²t⁵5l0sst¹t¹masna

97 3275 252 3376 64carere
280 3315 312 3378 vi
340 3315 448 3379 divina
475 3317 585 3381 vident
571 3320 638 3401 tur,
665 3322 701 3381 ut
728 3339 788 3403 ego
816 3323 873 3384 aut
899 3323 1027 3403 potitam
1050 3340 1152 3405 grave

143 3402 336 3486 plenumque
352 3423 481 3467 carmen
495 3405 564 3469 sine
582 3368 714 3469 cailesti
732 3407 838 3490 aliquo
858 3406 974 3471 mentis
993 3408 1153 3475 instinctu

72 3456 255 3626 'putem
278 3490 423 3573 fundere,
450 3495 507 3556 ant
534 3493 749 3576 eloquentiam
772 3496 839 3558 sine
863 3493 982 3558 maiore
1008 3496 1153 3580 quadam
