2476 3848
505 162 744 226 -484-

122 323 369 390 inbecillitatem
396 320 570 386 difficultas
598 320 730 384 minime
753 320 840 385 cadit
861 321 896 384 in
917 320 1130 387 maiestatem

124 414 263 477 deorum.
307 409 358 475 Ex
381 431 444 492 quo
468 408 606 473 efficitur
628 409 669 490 id,
693 408 779 491 quod
800 409 962 490 volumus,
990 407 1131 474 deorum

123 497 325 585 providentia
347 497 501 561 mundum
524 495 752 560 administrari.
788 494 891 580 Atqui
912 517 1042 560 necesse
1066 501 1131 580 est,

123 610 196 652 cum
215 587 281 649 sint
299 584 340 668 di,
363 584 391 648 61
410 582 505 647 modo
525 586 608 665 sunt,
630 586 668 646 ut
681 580 826 666 profecto
841 585 925 664 sunt,
948 582 1130 648 animantis

123 695 205 756 esse,
234 693 293 737 nec
322 672 428 736 solum
455 670 643 751 animantis,
673 670 729 733 sed
755 669 854 733 etiam
881 669 1017 734 rationis
1040 693 1132 736 eom-

122 765 215 846 potes
238 759 323 823 inter
346 779 442 841 seque
461 757 554 840 quasi
572 757 659 822 civili
677 757 900 821 conciliatione
918 760 952 821 et
970 757 1132 824 societate

124 848 324 929 coniunctos,
347 867 447 909 unum
470 843 624 909 mundum
647 847 684 907 ut
706 866 908 908 communem
930 866 999 908 rem
1021 847 1133 928 publi·

72 949 105 998 79
124 957 195 1001 cam
231 937 328 1017 atque
363 932 476 996 urbem
513 932 656 1015 aliquam
687 931 838 1016 regentis.
888 929 1053 1015 Sequitur,
1090 937 1132 998 ut

124 1022 235 1087 eadem
260 1022 302 1083 sit
320 1020 355 1082 in
372 1019 421 1103 iis,
445 1041 526 1101 quae
543 1018 685 1083 humano
703 1018 738 1081 in
757 1039 881 1103 genere,
898 1019 993 1102 ratio,
1014 1021 1132 1084 eadem

124 1109 243 1174 veritas
274 1106 446 1189 utrobique
480 1106 523 1169 sit
554 1105 727 1188 eademque
759 1106 823 1190 lex,
855 1127 936 1188 quae
968 1110 1018 1170 est
1045 1109 1133 1173 recti

124 1194 306 1280 praeceptio
326 1193 480 1277 pravique
499 1193 653 1276 depulsio.
684 1192 734 1257 Ex
753 1214 816 1275 quo
834 1192 1034 1277 intellegitur
1052 1217 1132 1279 pru-

125 1283 267 1346 dentiam
297 1302 423 1364 quoque
453 1284 485 1344 et
516 1284 657 1344 mentem
685 1303 704 1344 a
733 1279 799 1343 deis
823 1280 864 1344 ad
886 1280 1032 1345 homines
1056 1305 1133 1366 per-

124 1370 262 1451 venisse,
291 1368 332 1432 ob
356 1390 489 1451 eamque
513 1389 643 1432 causam
664 1366 822 1431 maiorum
844 1367 1003 1432 inst'tutis
1026 1391 1131 1454 mens,

124 1457 213 1540 fides,
231 1457 344 1540 virtue,
362 1456 532 1520 concordia
550 1457 754 1519 consecratae
774 1457 807 1519 et
820 1453 948 1538 publice
962 1455 1131 1522 dedicatae

126 1547 209 1608 sunt.
246 1543 334 1619 Quae
358 1543 413 1627 qui
436 1542 585 1608 convenit
602 1563 700 1626 penes
719 1542 795 1606 deos
814 1563 884 1606 esse
902 1563 1030 1627 negare,
1053 1567 1130 1609 cum

126 1653 235 1696 eorum
254 1635 394 1716 augusta
412 1633 444 1694 et
462 1633 574 1695 sancta
588 1630 760 1694 simulacra
773 1631 982 1694 veneremur?
1005 1629 1131 1705 Quodsi

125 1719 210 1783 inest
228 1719 262 1782 in
279 1718 446 1782 hominum
457 1739 572 1803 genere
593 1738 692 1799 mens,
710 1716 798 1799 fidae,
816 1716 930 1799 virtus,
949 1719 1129 1802 concordia,

125 1807 209 1871 unde
240 1805 319 1870 haec
350 1807 531 1869 interram
558 1804 622 1868 nisi
649 1804 690 1868 ab
718 1803 842 1887 superis
871 1803 1008 1868 defluere
1034 1810 1131 1890 potu-

127 1894 242 1958 erunt?
288 1891 432 1975 Cumque
460 1892 525 1955 sint
551 1891 586 1953 in
607 1891 701 1955 nobis
725 1891 908 1975 eonsilium,
933 1891 1032 1976 ratio,
1053 1916 1130 1977 pru·

127 1981 243 2063 dentia,
265 2000 395 2043 necesse
418 1980 468 2042 est
492 1978 567 2041 deos
589 1977 668 2041 haec
686 1977 759 2061 ipsa
778 1978 896 2042 habere
914 1979 1047 2064 maiora,
1068 2002 1130 2046 nec

128 2067 247 2131 habere
271 2066 384 2147 solum,
408 2064 464 2128 sed
487 2064 586 2128 etiam
607 2063 648 2127 iis
671 2064 720 2127 uti
742 2065 777 2128 in
798 2066 957 2130 maxumis
981 2070 1014 2131 et
1036 2072 1130 2152 optu-

73 2159 109 2208 80
127 2155 188 2218 mis
211 2152 320 2236 rebus3
343 2151 425 2215 nihil
448 2154 556 2215 autem
577 2172 636 2214 nec
659 2151 762 2216 maius
786 2174 845 2217 nee
862 2153 976 2218 melius
995 2156 1131 2240 mund03'

125 2260 255 2305 necesse
283 2243 333 2302 est
360 2259 437 2323 ergo
461 2260 534 2302 eum
557 2237 689 2302 deorum
712 2240 847 2304 consilio
870 2244 902 2304 et
925 2241 1130 2325 providentia

127 2325 355 2393 administrari.
386 2325 554 2391 Postremo
574 2348 647 2390 cum
666 2327 746 2391 satis
765 2326 965 2392 docuerimus
982 2330 1043 2395 hos
1057 2351 1130 2395 esse

126 2415 212 2498 dees,
236 2435 373 2498 quorum
395 2413 554 2498 insignem
577 2413 643 2478 vim
667 2418 699 2478 et
721 2414 893 2479 inlustrem
910 2415 1026 2480 faciem
1043 2417 1130 2483 vide·

127 2523 243 2586 remus,
268 2503 369 2566 solem
392 2500 462 2566 dico
486 2504 518 2564 et
540 2502 652 2564 lunam
676 2503 709 2564 et
731 2522 831 2585 vagas
855 2503 967 2567 stellas
991 2506 1024 2567 et
1046 2504 1129 2569 iner-

127 2593 237 2654 rantes
268 2593 301 2653 61
323 2589 447 2654 caelum
470 2592 503 2652 et
525 2587 680 2651 mundum
701 2587 809 2672 ipsum
832 2592 865 2652 et
888 2613 998 2655 earum
1019 2613 1129 2657 rerum

127 2676 206 2759 vim,
237 2698 317 2759 quae
346 2676 490 2740 inessent
516 2675 551 2738 in
578 2675 666 2739 omni
688 2676 807 2739 mundo
831 2698 903 2741 cum
926 2699 1045 2763 magno
1068 2701 1130 2744 usu

128 2766 161 2826 et
187 2764 415 2828 commoditate
443 2762 569 2847 generis
591 2761 740 2846 humani,
767 2761 905 2827 efficitur
928 2766 1037 2830 omnia
1058 2767 1131 2852 regi

128 2850 237 2914 divina
263 2854 370 2914 mente
396 2853 491 2932 atque
514 2848 692 2933 prudentia.
737 2848 786 2915 Ac
809 2850 848 2914 de
870 2851 976 2934 prima
999 2853 1131 2936 quidem

76 2987 117 3050 32
127 2941 221 3020 parte
245 2938 325 3001 satis
348 2938 468 3001 dictum
491 2939 549 3001 est.

75 3062 108 3111 81
194 3021 354 3108 Sequitur,
376 3027 414 3088 ut
437 3024 568 3088 doceam
592 3024 700 3088 omnia
723 3024 868 3089 subiecta
890 3047 960 3089 6666
982 3029 1131 3113 naturae,

128 3132 228 3192 eaque
252 3110 292 3174 ab
316 3132 354 3174 ea
375 3110 587 3194 pulcherrime
610 3111 686 3194 geri.
732 3108 794 3175 Sed
817 3112 894 3197 quid
916 3113 959 3177 sit
981 3113 1054 3197 ipsa
1075 3135 1131 3179 na·

127 3201 214 3278 tura,
243 3197 466 3280 explicandum
493 3201 543 3261 est
570 3200 646 3262 ante
668 3198 823 3283 breviter,
851 3221 914 3284 quo
936 3200 1065 3266 facilius
1087 3201 1131 3285 id,

129 3283 214 3366 quod
241 3282 353 3348 docere
380 3285 542 3368 volumus,
569 3284 718 3370 intellegi
744 3286 857 3370 possit.
901 3286 1051 3372 Namque
1073 3289 1133 3353 alii

127 3373 279 3435 naturam
302 3392 372 3435 esse
395 3375 527 3435 censent
549 3371 616 3436 vim
639 3372 800 3456 quandam
818 3373 886 3439 sine
903 3375 1030 3440 ratione
1048 3375 1133 3441 cien-

63 3461 194 3624 Ὕω
217 3461 325 3523 motus
348 3457 383 3522 in
405 3458 592 3543 corporibus
613 3460 825 3546 necessarios,
853 3461 910 3527 alii
932 3465 1041 3535 autem
1063 3463 1133 3530 vim

70 463 111 588 c
