2476 3848
475 199 512 209 -
561 164 711 230 389-

90 326 160 390 viro
183 325 301 409 virtus,
324 324 386 390 viri
409 329 517 390 autem
540 327 671 409 propria
693 326 832 390 maxime
855 309 905 390 est
928 325 1094 410 fortitudo,

90 415 179 478 cuius
214 434 346 478 munera
377 414 440 478 duo
473 417 549 478 runt
579 413 733 497 maxima,
765 414 878 498 mortis
911 414 1094 498 dolorisque

90 502 293 586 contemptio.
337 500 499 566 Utendum
522 505 572 567 est
593 502 695 586 igitur
716 500 781 585 his,
805 500 834 565 si
855 501 985 566 virtutis
1009 522 1093 566 com·

90 594 198 673 potes,
228 590 279 654 vel
309 590 417 673 potius
448 590 477 655 si
505 591 568 654 viri
598 589 746 655 volumus
776 611 861 668 esse,
891 589 1045 680 quoniam
1075 612 1094 654 a

91 677 170 741 viris
201 676 304 742 virtus
336 699 455 743 nomen
487 682 537 743 est
568 683 723 743 mutuata.
778 677 917 754 Quaeres
948 670 1093 761 fortusse,

90 765 272 849 quomodo,
290 768 323 830 et
340 770 439 850 reotc;
458 767 557 831 talem
576 766 661 830 enim
678 766 868 831 medicinam
886 764 1093 848 philosophia

90 853 267 935 profitetur.

155 940 254 1005 Venit
280 940 454 1024 Epicurus,
482 941 579 1006 homo
606 943 738 1006 minime
765 942 868 1005 malus
900 941 952 1004 vel
984 940 1092 1024 potius
1105 903 1147 1028 ii

90 1029 140 1092 vir
162 1029 317 1111 optimus,
338 1031 467 1093 tantum
489 1033 611 1112 monet,
634 1033 790 1112 quantum
813 1028 982 1113 intellegit
1018 1027 1093 1093 ‘Ne-

91 1115 214 1202 glcge',
237 1115 355 1198 inquit,
378 1114 559 1181 ‘dolorem'
595 1117 673 1193 Quis
696 1117 758 1181 hoc
777 1117 876 1180 dicit?
913 1116 1016 1199 Idem,
1039 1118 1093 1201 qui

90 1205 233 1275 dolorem
274 1225 434 1267 summum
475 1204 604 1269 malum.
670 1203 735 1268 Vix
775 1205 855 1268 satis
900 1210 1093 1269 constanter.

91 1292 275 1356 Audiamus.
325 1289 377 1355 ‘Si
405 1312 548 1355 summus
576 1292 667 1356 dolor
694 1291 773 1375 est',
800 1292 918 1375 inquit,
947 1291 1094 1357 ‘brevem

90 1401 219 1444 necesse
242 1382 292 1443 est
318 1377 408 1443 esse?

156 1502 347 1567 Iteradum
371 1501 499 1566 eadem
524 1502 604 1566 ista
625 1502 733 1566 mihil

90 1666 156 1709 non
183 1644 267 1707 enim
295 1643 375 1707 satis
403 1642 571 1727 intellego,
602 1642 678 1726 quid
709 1664 869 1706 summum
898 1642 986 1707 dicas
1016 1664 1094 1726 esse,

91 1733 168 1816 quid
190 1733 295 1796 breve.
331 1728 527 1813 ‘Summum
550 1753 612 1815 quo
633 1729 716 1794 nihil
740 1730 782 1794 sit
804 1730 965 1812 superius,
988 1730 1094 1813 breve,

91 1842 153 1904 quo
181 1819 263 1884 nihil
288 1819 427 1885 brevius.
478 1817 655 1884 Contemno
682 1817 937 1902 magnitudinem
965 1817 1094 1902 doloris,

91 1932 110 1972 a
137 1930 201 1992 qua
232 1929 283 1971 me
310 1907 450 1972 brevitas
482 1907 638 1990 temporis
669 1905 847 1971 vindicabit
879 1911 953 1969 ante
985 1927 1095 1989 paene,

91 2017 186 2078 quam
209 1995 354 2060 venerit'
391 1994 452 2060 Sed
476 1995 504 2059 si
527 1999 577 2060 est
598 1989 707 2060 tantus
731 1994 838 2077 dolor,
861 1997 1000 2077 quantus
1018 1993 1093 2057 Phi-

92 2083 251 2146 loctetae?
298 2082 400 2147 ‘Bene
427 2084 523 2166 plane
546 2104 681 2168 magnus
704 2082 784 2146 mihi
809 2082 936 2166 quidem
959 2081 1094 2164 videtur,

92 2169 147 2233 sed
173 2174 283 2234 tamen
307 2192 374 2235 non
403 2192 558 2255 summus3
591 2171 673 2236 nihil
701 2171 785 2235 enim
817 2170 904 2235 dolet
930 2170 993 2234 nisi
1024 2191 1094 2253 pes3

91 2261 226 2340 possunt
245 2257 342 2336 oculi,
365 2261 474 2340 potest
492 2262 598 2341 caput,
617 2260 732 2340 latera,
753 2259 935 2342 pulmones,
958 2263 1095 2342 possunt

91 2345 208 2410 omnia.
256 2342 366 2427 Longe
393 2345 494 2428 igitur
520 2345 612 2409 abest
635 2368 654 2410 a
676 2367 802 2410 summo
834 2346 951 2411 dolore.
996 2345 1094 2429 Erg0,

90 2432 209 2516 inquit,
245 2431 335 2496 dolor
371 2431 538 2496 diuturnus
574 2432 673 2496 hahet
705 2433 849 2497 laetitiae
886 2432 959 2516 plus
996 2454 1093 2516 quam

91 2518 281 2586 molestiae.'
326 2517 421 2584 Nunc
443 2539 504 2603 ego
528 2540 594 2583 non
619 2541 752 2603 possum
779 2523 905 2584 tantum
928 2520 1090 2584 hominem
1110 2532 1144 2580 45

90 2609 173 2673 nihil
206 2629 316 2691 sapere
348 2606 466 2688 dicere,
502 2607 556 2671 sed
589 2629 648 2672 nos
685 2607 726 2671 ah
762 2628 800 2671 eo
839 2607 974 2670 derideri
1005 2610 1093 2690 puto.

91 2697 163 2780 Ego
209 2717 368 2760 summum
414 2694 555 2758 dolorem
604 2692 811 2779 (‘summum'
857 2698 964 2759 autem
1013 2694 1093 2778 dieo,

92 2785 219 2848 etiamsi
247 2784 354 2847 decem
382 2783 498 2846 atomis
522 2787 572 2846 est
594 2783 697 2847 maior
723 2779 819 2866 alius)
846 2803 911 2846 non
939 2783 1092 2848 continuo

93 2893 161 2935 esse
188 2872 259 2936 dico
286 2871 416 2935 brevem
444 2871 625 2954 multosque
647 2892 779 2953 possum
801 2870 904 2934 bonos
927 2871 1013 2934 viros
1036 2892 1092 2935 no-

91 2960 227 3040 minare,
264 2961 319 3042 qui
354 2959 535 3042 complures
581 2980 681 3022 annos
727 2957 891 3022 doloribus
930 2959 1093 3042 podagrae

91 3046 271 3111 crucientur
298 3046 457 3112 maximis.
507 3045 568 3110 Sed
594 3046 691 3111 homo
720 3050 811 3110 catus
832 3068 1007 3130 numquam
1029 3051 1093 3110 ter-

92 3136 195 3199 minat
217 3155 276 3198 nec
298 3135 530 3220 magnitudinis
556 3155 616 3199 nec
645 3133 867 3198 diuturnitatis
891 3134 1033 3219 modum,
1056 3139 1095 3200 ut

92 3224 206 3306 sciam,
233 3222 309 3306 quid
337 3244 497 3287 summum
524 3221 609 3285 dicat
631 3223 664 3285 in
688 3221 810 3304 dolore,
838 3222 914 3306 quid
940 3222 1069 3288 breve’

91 3316 245 3396 tempore.
299 3310 494 3375 Omittamus
525 3309 610 3373 hunc
641 3309 741 3395 igitur
772 3310 853 3373 nihil
884 3331 1017 3393 prorsus

92 3404 216 3467 centem
244 3420 457 3485 cogamusque
485 3397 630 3462 confiteri
655 3419 721 3461 non
747 3419 817 3462 esse
844 3397 885 3461 ah
908 3418 946 3462 eo
970 3238 1076 3630 dol!

91 3490 233 3553 remedia
263 3485 454 3568 quaerenda,
491 3486 546 3568 qui
578 3485 721 3551 dolorem
754 3486 911 3550 malorum
948 3497 986 3550 o¹
