2476 3848
497 189 737 254 „355-

183 343 257 412 Sub
294 349 362 411 exe
397 349 528 432 posita
564 349 609 413 ad
645 349 785 414 stellas
826 354 984 434 septem,
1024 352 1120 417 unde

863 437 1033 504 herrifer

182 522 388 606 Aquilenis
412 524 559 590 stridor
581 525 730 610 gelidas
753 526 914 590 molitur
935 527 1059 608 nives,

117 662 219 725 altera
248 665 412 748 australis,
441 666 554 750 ignota
582 666 693 748 nobis,
729 688 825 751 quam
856 670 974 732 vocant
1005 664 1120 732 Graeci

115 744 317 832 ἀντίχθονα,
345 757 468 816 ceteras
495 753 597 836 partis
624 754 777 837 incultas,
804 753 889 838 quod
917 759 973 819 aut
999 753 1120 839 frigore
1138 769 1173 820 os

88 838 242 921 crigeant
261 843 317 902 aut
335 844 469 904 urantur
487 842 608 924 calore3
631 841 685 906 hio
708 847 831 925 autem,
853 842 909 908 ubi
927 841 1121 927 habitamus,

115 947 182 991 non
204 927 392 992 intermittit
415 950 473 992 suo
498 933 643 1012 tempore

182 1063 338 1131 Caelrim
359 1068 565 1151 nitescere,
591 1069 749 1134 erbores
772 1069 1033 1156 frondescere,

181 1154 292 1218 Vites
315 1156 515 1219 laetificae
537 1157 732 1240 pempinis
754 1159 976 1241 pubescere,

181 1241 294 1306 Rami
314 1243 493 1306 bacarum
515 1244 694 1309 ubertate
719 1245 1000 1326 incurvescere,

183 1329 343 1412 Segetes
366 1329 505 1412 largiri
528 1330 673 1414 frugeS,
696 1331 837 1396 florere
861 1334 1000 1413 emnia,

181 1416 325 1481 Fontes
350 1420 511 1498 scatere,
532 1417 663 1482 herbis
685 1421 797 1501 preta
821 1419 1089 1502 convestirier,

114 1580 184 1640 tum
217 1574 459 1640 multitudinem
494 1575 652 1658 pecudum
687 1576 807 1658 partim
843 1576 883 1640 ad
919 1577 1120 1660 vescendum,

114 1664 234 1748 partim
255 1663 295 1726 ad
314 1663 417 1726 cultus
437 1682 604 1747 agrorum,
627 1664 746 1747 partim
770 1663 810 1727 ad
832 1663 1025 1746 vehendum,
1047 1686 1118 1747 par·

113 1754 174 1815 tim
202 1751 242 1815 ad
269 1773 404 1834 corpora
431 1751 609 1835 vestienda,
638 1751 863 1835 hominemque
890 1752 996 1834 ipsum
1026 1752 1117 1835 quasi

114 1840 402 1922 contemplatorem
431 1839 512 1903 caeli
541 1860 577 1903 ac
605 1839 734 1905 deorum
764 1839 920 1904 cultorem
943 1843 1039 1923 atqua
1061 1838 1117 1904 ho·

115 1930 212 1992 minis
232 1929 366 1991 utilitati
386 1947 481 2011 agros
501 1929 604 1991 omnis
624 1931 656 1992 et
674 1928 777 1992 maria
794 1927 942 2011 parentia
962 1950 1016 1991 -ε
1039 1926 1118 1991 hacc
1137 1945 1170 1994 vc

113 2017 216 2099 igitur
234 2021 267 2078 et
285 2016 349 2079 alia
368 2016 616 2092 innumerabilia
630 2037 702 2081 cum
721 2016 889 2100 cernimus,
907 2035 1118 2099 possumusne

114 2103 274 2184 dubitare,
298 2104 375 2186 quin
398 2103 438 2166 iis
462 2103 585 2186 praesit
608 2103 723 2187 aliquis
746 2105 797 2168 vel
821 2105 966 2186 effector,
989 2103 1017 2168 si
1039 2103 1118 2168 hacc

113 2193 192 2252 nata
215 2193 302 2270 sunt,
326 2193 362 2253 ut
384 2189 515 2254 Platoni
536 2191 674 2274 videtur,
697 2193 761 2276 vel,
783 2192 811 2256 si
833 2213 958 2276 semper
980 2192 1118 2273 fuorunt,

114 2281 151 2340 ut
164 2275 335 2339 Aristoteli
352 2277 467 2359 placet,
486 2277 670 2343 moderator
687 2279 771 2343 tanti
785 2280 892 2362 operis
907 2283 939 2343 et
953 2279 1117 2343 muneris?

116 2363 167 2429 Sic
200 2368 339 2428 mentem
371 2363 525 2446 hominis,
557 2366 702 2448 quamvis
730 2388 800 2430 eam
833 2388 896 2431 non
928 2365 1049 2447 videas,
1082 2369 1117 2429 ut

114 2453 209 2518 deum
230 2474 297 2518 non
319 2451 421 2533 vides,
444 2457 565 2534 tamen,
588 2456 625 2516 ut
648 2453 742 2516 deum
761 2453 931 2537 adgnoscis
953 2474 991 2517 ar
1014 2452 1116 2534 operi-

65 2600 67 2604 Α
113 2542 174 2605 bus
198 2541 279 2624 eius,
303 2540 348 2605 sie
367 2561 406 2604 ex
425 2540 579 2605 memoria
601 2561 708 2604 rerum
726 2543 760 2604 et
781 2540 967 2604 inventione
987 2544 1019 2604 et
1038 2539 1116 2603 cele·

113 2631 209 2693 ritate
233 2632 341 2693 motus
365 2628 513 2711 omnique
535 2627 773 2710 pulchritudine
798 2627 926 2692 virtutis
950 2627 1015 2691 vim
1038 2626 1116 2691 divi-

112 2739 190 2780 nam
213 2718 330 2781 mentis
345 2715 554 2801 adgnoscito.

178 2804 216 2867 In
240 2827 302 2889 quo
326 2805 426 2889 igitur
448 2804 518 2869 loco
542 2804 614 2868 est?
658 2801 761 2868 Credo
786 2803 931 2888 equidem
954 2803 988 2867 in
1011 2802 1168 2886 capitana

113 2894 158 2973 et,
186 2912 241 2955 cur
269 2893 409 2975 credam,
437 2892 561 2956 adferre
589 2913 729 2975 possum.
775 2889 837 2956 Sed
864 2891 958 2968 alias,
986 2891 1042 2955 ubi
1074 2891 1117 2958 sit

114 2979 256 3060 animus,
279 2983 364 3043 certe
387 2980 514 3063 quidem
537 2981 572 3044 in
595 2983 627 3043 te
651 2984 708 3044 est.
744 2979 832 3056 Quae
857 2984 907 3044 est
925 2979 954 3044 ei
976 2980 1115 3045 natura?

112 3065 261 3149 Propria,
291 3070 382 3149 puto,
413 3072 446 3130 et
476 3090 542 3131 sua.
595 3064 657 3132 Sed
683 3067 735 3131 fac
762 3068 906 3152 igneam,
936 3068 987 3133 fac
1015 3069 1116 3152 spira·

112 3154 224 3237 bilem3
247 3153 330 3217 nihil
350 3154 389 3218 ad
407 3154 454 3237 id,
473 3154 511 3218 de
531 3177 593 3239 quo
614 3156 748 3240 agimus.
784 3154 869 3222 Illud
887 3156 981 3221 modo
1000 3157 1117 3242 videto,

112 3247 149 3306 ut
171 3242 265 3307 deum
287 3242 390 3323 noris,
418 3243 479 3306 etsi
503 3245 570 3306 eius
599 3244 727 3328 ignores
751 3247 784 3309 et
809 3245 915 3310 locum
939 3245 1116 3329 etfaciam,

113 3331 160 3394 sio
187 3331 329 3395 animum
356 3330 418 3394 tibi
445 3334 537 3394 tunm
563 3335 676 3396 notum
704 3354 774 3397 esse
801 3336 962 3417 oportere,
989 3333 1116 3399 etiamsi

112 3418 241 3500 ignores
265 3422 298 3482 et
320 3419 426 3483 locum
449 3422 482 3482 et
504 3418 650 3485 formam.
695 3419 734 3485 In
757 3420 857 3486 animi
875 3424 983 3486 autem
1007 3423 1164 3507 cogni-71

111 3507 199 3569 tione
228 3505 373 3571 dubitare
400 3528 467 3572 non
493 3528 679 3593 possumus,
705 3509 768 3575 nisi
797 3510 891 3594 plane
913 3509 948 3574 in
970 3510 1115 3593 physicis
1150 3526 1184 3623 Ι
