2476 3848
503 199 742 263 -371-

120 379 138 419 e
170 377 261 420 muro
294 377 328 419 se
360 357 394 420 in
425 377 512 419 mare
545 357 699 420 abiecisse
732 357 815 419 lecto
849 355 993 419 Platonis
1030 355 1149 421 libros

120 445 200 507 Eius
224 447 344 528 autem,
373 465 468 528 quem
491 443 570 527 dixi,
597 443 756 528 Hegesiae
783 444 866 507 liber
892 447 942 507 est
968 439 1123 527 Ἀποκαρ-

119 531 240 614 repar,
264 553 326 616 quo
350 553 370 595 a
392 532 459 596 vita
485 532 614 616 quidam
637 553 695 614 per
722 532 861 594 inediam
886 531 1052 595 discedens
1074 553 1122 595 re-

121 623 254 684 vocatur
277 620 318 684 ab
342 620 467 702 amicis,
490 621 605 704 quibus
627 620 823 702 respondens
850 620 936 683 vitae
964 619 1123 683 humanae

123 712 288 772 enumerat
304 707 515 773 incommoda.
551 707 682 772 Possem
700 708 785 771 idem
802 707 917 789 facere,
937 708 999 770 etsi
1018 708 1123 771 minus

122 818 218 880 quam
246 796 315 879 ille,
341 796 396 880 qui
419 796 550 860 omnino
573 796 679 859 vivere
692 795 849 878 expedire
871 795 992 858 nemini
1020 799 1123 878 putat.

120 885 217 949 Mitto
242 884 335 969 alios3
360 883 498 948 etiamne
519 884 613 948 nobis
637 883 785 967 expedit?
809 884 917 967 quiet
939 884 1123 949 domesticis

122 978 155 1037 et
180 973 365 1036 forensibus
393 972 521 1036 solaciis
549 972 809 1055 ornamentisque
837 972 955 1054 privati
984 976 1070 1036 certe
1096 973 1124 1037 si

122 1064 195 1124 ante
223 1060 464 1143 occidissemus,
495 1080 582 1123 mors
616 1081 675 1122 nos
703 1081 723 1123 a
750 1060 856 1138 malis,
888 1082 954 1125 non
980 1082 1000 1124 a
1030 1059 1125 1125 bonis

122 1149 341 1212 abstraxisset.
1134 1186 1178 1254 35

189 1235 238 1301 Sit
264 1237 364 1320 igitur
391 1235 522 1319 aliquis,
548 1236 604 1318 qui
630 1235 713 1299 nihil
735 1236 814 1299 mali
837 1235 970 1319 habeat,
997 1237 1124 1300 nullum
1143 1262 1177 1314 86

122 1348 142 1389 a
168 1325 299 1390 fortuna
325 1324 441 1388 volnus
472 1324 639 1404 acceperit.
690 1322 838 1386 Metellus
870 1323 925 1387 ille
957 1324 1123 1388 honoratis

122 1417 275 1497 quattuor
305 1412 395 1494 filiis,
421 1415 461 1475 'at
497 1411 730 1494 quinquaginta
761 1410 923 1492 Priamus,
960 1433 976 1475 e
1009 1412 1124 1494 quibus

124 1501 349 1584 septemdecim
376 1501 463 1563 iusta
489 1519 587 1562 uxore
616 1499 710 1562 natis.
760 1497 799 1561 In
826 1501 960 1582 utroque
992 1499 1125 1562 eandem

123 1589 236 1653 habuit
271 1587 402 1652 fortuna
438 1590 644 1669 potestatem,
681 1585 736 1649 sed
772 1607 830 1649 usa
865 1587 900 1649 in
932 1587 1033 1652 altero
1067 1590 1125 1651 est.

123 1676 288 1740 Metellum
318 1676 403 1740 enim
433 1674 527 1738 multi
558 1675 618 1738 filii
649 1673 748 1757 filiae,
781 1677 916 1758 nepotes
947 1678 1059 1758 neptes
1090 1675 1125 1738 in

123 1785 236 1850 rogum
257 1766 478 1848 inposuerunt,
502 1763 666 1827 Priamum
684 1766 776 1826 tanta
793 1763 947 1847 progenie
966 1763 1124 1844 orbatum,

123 1876 194 1917 cum
226 1855 261 1916 in
293 1875 382 1918 aram
414 1851 623 1936 confugisset,
651 1851 779 1915 hostilis
811 1873 924 1916 manus
954 1851 1125 1915 interemit.

122 1941 184 2005 Hic
208 1941 235 2005 si
258 1942 340 2006 vivis
363 1941 439 2005 filiis
461 1939 615 2004 incolumi
637 1960 736 2023 regno
761 1940 931 2004 occidisset

191 2112 199 2128 .
222 2114 228 2126 .
253 2065 406 2126 asta‘nte
429 2083 497 2144 ope
520 2063 724 2126 barbarica

187 2149 315 2213 Tectis
339 2150 518 2232 caelatis,
541 2151 748 2234 laqueatis,

122 2293 230 2352 utrum
252 2288 383 2352 tandem
407 2311 426 2350 a
448 2289 541 2353 bonis
566 2311 645 2353 ana
668 2290 762 2353 malis
786 2291 1007 2355 discessisset?
1044 2291 1126 2356 Tum

124 2375 266 2460 profecto
295 2376 455 2439 videretur
483 2398 502 2438 a
529 2377 631 2440 bonis.
681 2377 726 2439 At
749 2382 833 2440 certe
861 2379 891 2442 ei
918 2378 1032 2442 melius
1056 2400 1125 2442 eve-

122 2465 238 2541 nisset,
261 2466 408 2527 nectam
431 2463 582 2526 flebiliter
605 2463 662 2526 illa
685 2469 886 2528 canerentur:

190 2587 293 2651 Haec
316 2586 442 2650 omnia
464 2586 543 2650 vidi
567 2585 816 2668 inflammari,

189 2677 340 2740 Priamo
365 2675 402 2740 vi
425 2675 541 2739 vitam
565 2671 716 2757 evitari,

190 2764 291 2829 Iovis
316 2765 418 2827 airam
442 2763 629 2847 sanguine
651 2762 811 2845 turpari.

124 2902 223 2977 Quasi
249 2925 324 2968 vero
353 2905 417 2967 ista
442 2905 475 2968 vi
501 2905 673 2988 quicquam
695 2907 764 2966 tum
793 2901 936 2986 potuerit
958 2900 987 2964 ei
1010 2901 1125 2966 melius

125 2991 280 3055 accidere!
322 2991 443 3066 Quodsi
466 2998 539 3055 ante
560 2991 740 3073 occidisset,
763 2991 863 3055 talem
887 2991 1036 3054 eventum
1059 3011 1125 3054 om·

122 3079 198 3143 nino
231 3077 404 3162 amisisset3
440 3079 502 3142 hoc
534 3084 641 3143 autem
673 3083 817 3161 tempore
849 3099 979 3142 sensum
1016 3078 1125 3142 amisit

124 3166 289 3230 malorum.
338 3166 505 3250 Pompeio,
523 3171 645 3232 nostro
677 3166 847 3250 familiari,
880 3188 952 3231 cum
984 3169 1125 3250 graviter
1143 3188 1176 3237 se

124 3258 306 3338 aegrotaret
341 3253 494 3338 Neapoli,
535 3256 648 3319 melius
687 3258 737 3318 est
778 3254 908 3319 factum.
972 3252 1125 3320 Coronati

123 3340 330 3426 Neapolitani
352 3342 495 3426 fuerunt,
524 3343 674 3407 nimirum
698 3344 796 3407 etiam
818 3343 1000 3425 Puteolani,
1027 3344 1123 3426 volgo

123 3453 161 3494 ex
184 3432 310 3516 oppidis
338 3431 466 3515 publice
493 3432 746 3516 gratulabantur.
796 3431 945 3515 Ineptum
971 3453 1047 3495 sane
1070 3452 1180 3624 nel

123 3520 246 3602 gotium
268 3522 301 3583 et
322 3518 529 3603 Graeculum,
552 3522 608 3584 sed
629 3524 738 3584 tamen
760 3520 969 3646 fortunatum.
1005 3518 1125 3585 Utrum

901 3621 937 3666 aa
