2476 3848
471 173 713 239 -213-

89 325 189 411 volgo
216 326 407 410 loquuntur,
439 348 473 391 se
504 326 540 390 in
570 327 734 392 beneficiis
765 327 961 392 collocandis
988 333 1096 394 mores

90 413 272 499 hominum,
296 435 364 480 non
389 414 555 480 fortunam
582 415 683 498 sequi.
727 413 877 481 Honesta
903 415 1008 480 oratio
1031 419 1096 499 cst3

91 502 147 566 sed
171 501 244 585 quis
274 506 326 566 est
345 502 486 586 tandem,
510 502 566 587 qui
583 503 690 587 inopis
709 507 742 568 et
761 503 878 587 optimi
894 502 957 568 viri
980 524 1095 569 censae

89 611 156 654 non
185 592 362 674 anteponet
388 590 423 654 in
450 611 549 674 opers
575 590 680 655 dende
707 591 849 676 gratiam
875 591 1036 656 fortunati
1062 594 1096 656 et

90 682 148 761 pot
134 677 256 742 tentis?
283 698 303 743 a
329 700 393 761 quo
421 679 507 743 enim
533 678 712 762 expeditior
738 682 771 743 et
794 679 930 744 celerior
951 701 1096 744 remune

90 765 175 829 ratio
202 764 272 830 fore
297 765 479 849 videtur,
469 787 505 829 m
531 787 605 830 eum
629 764 699 830 fere
726 770 776 831 est
802 768 916 832 volunt
902 772 954 833 tos
981 771 1096 833 nostra

90 853 288 937 propensior.
324 851 388 918 Sed
401 853 720 918 animadvertendum
734 858 784 921 est
799 855 997 941 diligentius,
1013 877 1096 939 qnae

90 944 209 1005 natura
230 961 338 1005 rerum
361 941 413 1006 sit
450 939 613 1006 Nimirum
635 943 721 1006 enim
741 943 1095 1027 inopsille,s1bonus

91 1032 142 1093 est
168 1028 279 1112 vir,e
261 1028 391 1093 etiamsi
417 1028 537 1093 referre
565 1030 708 1114 gretiam
734 1052 801 1095 non
826 993 949 1115 potedt,
974 1030 1095 1096 habere
1173 1057 1176 1062 ·

91 1120 177 1181 certe
199 1119 318 1199 potest
346 1114 663 1199 commodantem,
686 1119 878 1202 quicumque
901 1118 1096 1203 dixit,‘pe·

92 1204 240 1268 cuniam
262 1203 328 1288 qui
349 1204 504 1287 habeut,
526 1226 602 1268 non
623 1205 854 1288 reddidisse,
881 1206 947 1290 qui
967 1207 1096 1272 reddi·

92 1291 209 1374 derit,
226 1312 301 1357 non
318 1291 474 1375 habere,
492 1295 581 1377 gret
586 1292 660 1357 ism
679 1297 807 1358 cutem
820 1256 870 1376 el,
890 1294 955 1377 qui
972 1298 1095 1359 rettu-

91 1379 200 1463 lerit,
230 1379 372 1445 hebere
404 1383 455 1463 et,
487 1380 552 1463 qui
582 1378 742 1463 habeat,
773 1380 999 1445 rettulisse?
1047 1380 1095 1446 Au

93 1467 205 1551 quise
227 1467 415 1551 locupletes,
435 1467 623 1552 honoratos,
645 1468 759 1532 beatos
781 1471 908 1551 putent,
930 1468 954 1530 ii
975 1489 1017 1532 ne
1040 1468 1095 1532 ob·

92 1554 190 1640 ligeri
212 1554 341 1638 quidem
363 1555 517 1620 beneficio
541 1556 669 1639 volunt;
692 1554 886 1638 quinetiam
904 1556 1095 1620 beneficium

92 1665 126 1707 se
157 1642 281 1708 dedisse
313 1642 528 1721 arbitrentur,
561 1665 634 1708 cum
665 1643 730 1728 ipsi
761 1642 908 1726 quamvis
940 1663 1095 1726 magnum

91 1730 222 1814 aliquod
249 1730 445 1814 occeperint,
478 1735 575 1814 atque
602 1731 701 1796 etiam
729 1753 749 1796 a
781 1752 815 1794 se
846 1734 904 1795 eut
934 1730 1096 1814 postulari

91 1821 147 1882 eut
170 1819 351 1902 exspectari
373 1818 497 1902 aliquid
519 1819 732 1903 suspicentur,
756 1817 937 1903 patrocinio
959 1839 1037 1884 vero
1060 1839 1095 1883 se

90 1927 167 1971 usos
190 1910 247 1971 sut
270 1906 403 1971 clientes
431 1907 590 1990 appellari
613 1907 727 1972 mortis
750 1907 855 1971 instar
876 1909 1003 1990 putent.
1048 1906 1095 1971 At
1114 1925 1148 1974 ιο

91 2016 166 2058 vero
189 1994 247 2058 ille
269 1994 389 2078 tenuis,
412 2016 498 2077 cum,
521 1994 673 2078 quicquid
693 1995 817 2060 fuctum
840 1993 892 2078 sit,
915 2016 950 2059 se
973 1998 1095 2079 spectu·

90 2084 171 2165 tum,
192 2104 259 2148 non
274 2081 441 2147 fortunam
458 2085 562 2166 putet,
578 2104 645 2147 non
662 2083 758 2148 modo
777 2083 836 2166 illi,
859 2083 915 2167 qui
933 2086 985 2147 est
1003 2082 1096 2148 meri·
1147 2087 1151 2095 ’

91 2172 158 2251 tus,
185 2169 241 2234 sed
268 2170 367 2234 etiem
393 2169 474 2253 illis,
506 2192 526 2234 a
553 2170 670 2253 quibus
698 2173 864 2256 exspectat
891 2168 981 2257 (eget
1009 2171 1094 2235 enirn

91 2256 231 2342 multis),
263 2260 393 2342 gratum
425 2278 459 2322 se
486 2257 589 2322 videri
617 2257 726 2323 studet
751 2279 855 2342 neque
882 2280 959 2325 vero
985 2259 1095 2324 verbis

92 2347 190 2429 suget
212 2365 306 2408 suum
329 2366 459 2429 munus,
487 2345 516 2409 si
538 2367 601 2428 quo
624 2345 709 2410 forte
731 2345 894 2431 fungitur,
917 2346 1096 2412 sedetiam

91 2435 252 2497 extenuat.
282 2431 529 2517 Videndumque
550 2432 633 2497 illud
655 2437 713 2515 est,
737 2433 831 2516 quod,
854 2432 883 2497 si
906 2435 1095 2517 opulentum

89 2519 356 2603 fortunatumque
379 2520 568 2604 defenderis,
589 2520 625 2584 in
645 2541 711 2584 uno
723 2519 782 2584 illo
806 2524 871 2603 sut,
894 2519 923 2583 si
943 2519 1038 2603 forte,
1061 2521 1096 2584 in

91 2608 201 2674 liberis
225 2608 294 2673 eius
316 2611 427 2673 manet
450 2608 573 2694 gretie3
596 2607 647 2672 sin
669 2610 777 2671 sutem
795 2606 934 2690 inopem,
955 2608 1095 2690 probum

90 2699 201 2761 temen
219 2700 252 2761 et
270 2697 461 2779 modestum,
484 2717 596 2760 omnes
613 2717 680 2760 non
697 2695 827 2779 inprobi
844 2694 991 2776 humiles,
1012 2716 1095 2777 quae

90 2783 608 2946 ffidl⁰pdlillllldi
626 2780 1095 2953 tliitzattlttlttt
1113 2887 1145 2936 ιι

90 2957 176 3041 apud
209 2957 394 3024 fortunatos
431 2958 620 3024 beneficium
653 2957 805 3023 collocari
835 2960 925 3040 puto.
978 2955 1095 3023 Denda

90 3045 221 3110 omnino
244 3067 343 3130 opere
366 3051 429 3130 est,
455 3051 492 3111 ut
515 3046 603 3112 omni
626 3045 737 3131 generi
760 3045 840 3109 setis
862 3043 969 3110 fecere
991 3046 1094 3131 possi·

89 3155 175 3218 mus3
211 3134 267 3200 sed
304 3134 332 3200 si
367 3156 418 3199 res
453 3135 489 3198 in
519 3133 758 3200 contentionem
789 3132 911 3217 veniet,
941 3133 1094 3199 nimirum

89 3220 324 3287 Themistocles
348 3226 398 3286 est
421 3225 494 3287 auct
496 3244 533 3286 or
556 3221 770 3305 adhibendum
800 3220 855 3305 qui
882 3244 956 3287 cum
982 3244 1094 3286 consu-

89 3309 224 3392 leretur,
249 3313 360 3375 utrum
386 3310 472 3375 bono
499 3309 569 3374 viro
597 3308 736 3393 pauperi
759 3331 802 3374 en
824 3309 931 3374 minus
953 3310 1093 3393 probeo

89 3396 183 3461 diviti
208 3398 312 3461 filiam
339 3397 526 3463 collocaret:
559 3395 655 3483 Ego
682 3396 790 3462 vero'
790 3397 950 3481 in,quit,
977 3396 1093 3463 melo
1166 3412 1168 3417 '

88 3483 225 3563 virum,
244 3485 309 3569 qui
322 3486 484 3569 pecunie
497 3488 624 3570 egeat,
638 3506 749 3568 quam
763 3485 976 3569 pecuniam,
995 3504 1093 3568 quse
1133 3426 1168 3629 ⁴
