2476 3848
538 163 778 228 -176-

153 353 212 397 sua
235 330 354 414 solum,
377 328 434 393 sed
457 328 556 393 etiam
579 327 731 411 aliorum,
756 327 803 392 sic
824 327 860 392 in
882 328 978 393 domo
1002 329 1083 394 clari
1105 329 1163 395 ho·

153 418 263 502 minis,
294 417 328 480 in
360 438 458 500 quam
487 420 520 480 et
547 415 692 499 hospites
721 415 817 479 multi
843 416 1019 500 recipiendi
1047 420 1080 481 ct
1109 418 1162 482 ad·

152 506 311 572 mittenda
323 504 491 569 hominum
506 503 659 586 cuiusque
672 503 761 568 modi
774 503 959 587 multitudo,
978 504 1162 570 adhibenda

153 615 230 660 cura
252 597 302 658 est
325 591 485 675 laxitatis3
509 591 604 656 aliter
627 592 737 675 ampla
760 591 873 655 domus
898 592 1045 657 dedecori
1064 614 1162 677 saepe

153 681 283 747 domino
305 681 357 764 fit,
385 680 414 744 si
437 682 487 744 est
514 679 549 742 111
571 701 610 744 ea
633 678 787 762 solitud0‚
816 683 848 743 et
871 680 1024 762 maxime,
1052 681 1080 745 si
1104 681 1161 751 ali-

153 769 281 854 quando
308 768 374 833 alio
402 767 532 832 domino
558 767 656 831 solita
679 770 728 831 est
750 766 959 850 frequentari.
1004 767 1161 834 Odiosum

153 861 204 923 cst
226 857 325 940 enim,
348 878 421 920 cum
445 878 465 920 a
488 854 769 939 praetereuntibus
793 854 923 919 dicitur:

198 967 217 1010 o
242 945 373 1009 domus
397 943 572 1026 entique,
595 942 667 1006 heu
690 963 801 1025 quam
824 941 975 1027 dispari

198 1032 404 1097 Dominare
428 1030 596 1095 domino!

102 1118 774 1290 111111111111111111
797 1118 1160 1291 1111111111

154 1298 246 1360 extra
273 1294 404 1359 modum
433 1297 564 1378 sumptu
594 1297 626 1358 et
653 1294 894 1378 magnificentia
916 1295 1068 1378 prodeas3
1096 1316 1160 1379 quo

153 1383 188 1446 in
203 1403 319 1467 genere
333 1382 472 1447 multum
487 1382 565 1447 mali
583 1381 682 1446 etiam
700 1382 735 1445 in
753 1382 899 1466 exemplo
920 1386 978 1446 est.
1010 1379 1160 1448 Studiose

154 1470 240 1536 enim
262 1471 410 1555 plerique
433 1470 625 1555 praesertim
652 1469 687 1533 in
709 1469 792 1534 hanc
814 1473 942 1553 partem
963 1469 1052 1535 facta
1074 1471 1161 1555 prin·

153 1558 261 1642 cipum
283 1557 463 1641 imitantur,
485 1561 522 1623 ut
542 1558 577 1622 L.
601 1557 743 1640 Luculli,
766 1558 884 1621 summi
906 1557 981 1641 viri,
1004 1558 1160 1624 virtutem

154 1647 248 1730 quis?
272 1650 306 1711 at
330 1668 427 1730 quam
445 1645 541 1710 multi
559 1645 712 1710 villarum
731 1645 1006 1730 magnificentiam
1024 1646 1160 1711 imitati!

155 1756 291 1818 quarum
319 1734 449 1817 quidem
481 1736 567 1797 certe
595 1737 645 1797 est
672 1732 871 1797 adhibendus
895 1733 1009 1798 modus
1032 1734 1074 1799 ad
1096 1756 1161 1798 me-

154 1822 414 1902 diocritatemque
435 1820 641 1885 revocandus.
685 1819 872 1905 Eademque
893 1821 1099 1886 mediocritas
1119 1822 1160 1886 ad

154 1930 282 1974 omnem
305 1930 399 1972 usum
421 1908 607 1990 cultumque
634 1907 721 1972 vitae
744 1909 969 1974 transferenda
993 1913 1051 1973 est.
1097 1907 1160 1976 sed

153 1996 233 2061 haec
255 1996 421 2060 hactenus.

102 2096 152 2148 141
219 2083 259 2148 In
286 2083 374 2147 omni
402 2086 510 2147 autem
538 2082 664 2147 actione
692 2083 896 2168 suscipienda
923 2084 988 2149 tria
1015 2088 1091 2148 sunt
1114 2087 1160 2148 te·

153 2171 271 2255 nenda,
294 2171 436 2255 primum
457 2174 495 2235 ut
520 2171 684 2255 appetitus
703 2171 825 2236 rationi
843 2176 969 2255 pareat,
993 2194 1056 2255 quo
1074 2172 1159 2236 nihil

154 2261 204 2322 est
227 2258 268 2322 ad
291 2257 397 2323 officia
425 2259 643 2324 conservanda
671 2259 957 2343 accommodatius,
986 2259 1099 2324 deinde
1121 2264 1160 2325 ut

154 2346 438 2431 animadvertatur,
458 2350 580 2430 quanta
597 2346 656 2411 illa
673 2368 725 2410 res
745 2347 802 2430 sit,
822 2369 919 2430 quam
938 2347 1063 2412 efficere
1081 2348 1160 2413 veli-

153 2455 239 2518 mus,
261 2437 299 2500 ut
321 2456 400 2500 neve
423 2435 527 2499 maior
549 2456 629 2500 neve
652 2434 759 2498 minor
781 2456 858 2500 cura
881 2439 914 2500 et
938 2457 1036 2519 opera
1060 2436 1159 2500 susci-

152 2523 270 2608 piatur,
294 2545 391 2606 quam
414 2544 511 2588 111111
533 2523 685 2607 postulet.
731 2521 877 2587 Tertium
900 2527 962 2606 est,
989 2526 1026 2587 ut
1049 2544 1160 2588 cavea-

152 2632 237 2694 mus,
264 2615 302 2676 ut
329 2633 380 2696 ea,
408 2633 489 2694 quae
516 2611 679 2695 pertinent
707 2610 747 2674 ad
770 2610 939 2675 liberalem
963 2610 1102 2694 speciem
1125 2614 1160 2675 et

153 2699 359 2785 dignitatem,
382 2699 550 2763 moderata
573 2698 647 2762 sint.
682 2696 798 2762 Modus
818 2702 926 2763 autem
946 2702 996 2762 est
1015 2698 1159 2783 optimus

153 2786 248 2852 decus
275 2787 382 2870 ipsum
410 2789 533 2868 tenere,
562 2785 600 2850 de
628 2807 691 2868 quo
720 2789 796 2849 ante
824 2785 976 2869 diximus,
1004 2807 1063 2850 nec
1085 2807 1160 2870 pro-

153 2874 244 2958 gredi
262 2874 401 2956 longius.
437 2872 565 2937 Horum
583 2877 693 2937 tamen
714 2872 815 2936 trium
837 2873 1159 2957 praestantissimum

122 2964 203 3069 Ocst
226 2961 407 3043 appetitum
431 2964 653 3045 optemperare
676 2959 804 3024 rationi.

101 3083 150 3132 142
217 3045 377 3131 Deinceps
393 3047 431 3112 dc
446 3048 556 3112 ordine
570 3069 678 3111 rerum
697 3047 783 3111 etde
798 3048 1020 3132 oportunitate
1035 3053 1160 3133 tempo-

152 3155 225 3198 rum
248 3133 416 3199 dicendum
444 3140 502 3200 est.
546 3134 636 3201 Haec
661 3138 770 3199 autem
794 3136 929 3200 scientia
951 3137 1159 3202 continentur

152 3243 204 3306 ea,
228 3243 325 3305 quam
340 3221 455 3290 Graeci
473 3218 627 3301 εὐταξίαν
644 3222 828 3307 nominant,
851 3245 917 3288 non
938 3224 1035 3309 hanc,
1060 3247 1160 3308 quam

151 3309 405 3394 interpretamur
435 3311 677 3389 modestiam,
714 3332 778 3394 quo
817 3311 851 3375 in
887 3312 987 3376 verbo
1024 3313 1158 3376 modus

151 3397 246 3481 inest,
270 3400 325 3463 sed
347 3401 406 3465 illa
429 3403 480 3464 est
501 3393 646 3482 εὐταξία,
669 3398 704 3462 in
727 3421 790 3483 qua
808 3399 1012 3484 intellegitur
1035 3399 1159 3464 ordinis

61 3480 115 3629 Ἰ
152 3486 361 3552 conservatio.
399 3486 526 3572 Itaque,
548 3491 585 3552 ut
604 3487 738 3553 eandem
755 3507 815 3551 nos
835 3486 1029 3557 modestiam
1048 3488 1161 3572 appel-
