2476 3848
489 181 729 248 -243-

112 346 170 408 est
202 343 300 407 enim
333 342 439 408 aliud
470 345 617 409 erranti
648 344 748 410 viam
779 366 855 409 non
886 348 1116 429 monstrare,

111 430 210 514 quod
224 429 390 495 Athenis
405 432 737 497 exsecrationibus
756 432 924 519 publicis
944 437 1116 499 sanctum

112 522 184 602 est,
207 518 240 582 si
262 517 334 584 hoc
349 539 426 583 non
444 522 516 603 est,
538 524 749 603 emptorem
766 521 850 604 pati
868 542 976 585 ruere
995 525 1032 586 et
1050 543 1117 605 per

112 626 281 670 errorem
303 605 344 670 in
366 607 566 671 maximam
586 607 758 673 fraudem
776 608 994 673 incurrere?
1025 608 1116 673 Plus

112 694 228 757 etiam
252 697 311 758 est
333 715 445 777 quam
467 695 567 759 viam
589 717 664 760 non
687 699 917 780 monstrare3
945 717 1031 760 nam
1059 700 1117 761 est

113 781 298 846 scientem
316 781 356 846 in
374 803 542 847 errorem
564 783 728 847 alterum
751 782 950 848 inducere?
982 783 1098 869 Dioge·
1113 792 1168 859 (55)

111 890 169 933 nes
193 872 318 934 contra:
347 867 458 934 ‘Num
485 873 523 934 te
551 892 673 935 emere
701 871 841 956 coligit,
870 871 933 954 qui
959 893 1004 935 ne
1031 871 1116 936 hor·

112 960 217 1021 tatus
250 957 401 1041 quidem
433 957 513 1021 est?
565 956 655 1040 Ille,
688 958 786 1042 quod
817 980 892 1035 non
923 959 1117 1042 placebat,

112 1043 362 1129 proscripsit,
380 1048 434 1128 tu,
458 1044 555 1129 quod
573 1046 767 1129 placebat,
786 1045 924 1109 emisti.
961 1045 1118 1130 Quodsi,
1155 1077 1158 1082 ·

114 1132 179 1215 qui
205 1132 457 1216 proscribunt
483 1133 620 1197 villam
647 1133 784 1197 bonam
814 1133 985 1216 beneque
1017 1134 1117 1198 aedi·

111 1219 285 1303 ficatam,
316 1241 390 1284 non
423 1219 697 1285 existimantur
722 1219 930 1304 fefellisse,
964 1221 1119 1286 etiamsi

112 1307 184 1371 illa
206 1329 273 1373 nec
296 1308 395 1372 bona
417 1310 476 1372 est
493 1329 561 1372 nec
580 1307 790 1372 aedificata
807 1308 972 1390 ratione,
995 1309 1117 1373 multo

112 1395 250 1479 minus,
283 1395 347 1478 qui
374 1395 526 1459 domum
552 1416 629 1460 non
655 1395 872 1459 laudarunt.
917 1393 992 1460 Ubi
1021 1396 1118 1460 enim

112 1481 296 1548 iudicium
333 1482 519 1566 emptoris
556 1486 628 1566 est,
664 1482 720 1546 ibi
754 1481 861 1546 fraus
898 1482 1118 1548 venditoris

114 1591 209 1653 quae
227 1573 358 1654 potest
377 1570 482 1635 esse?
519 1567 586 1634 Sin
604 1573 729 1634 autem
753 1570 895 1634 dictum
918 1591 991 1632 non
1011 1591 1118 1634 omne

112 1657 387 1741 praestandum
405 1661 477 1742 est,
496 1658 595 1741 quod
614 1657 758 1722 dictum
774 1664 848 1722 non
868 1659 939 1738 est,
957 1655 996 1719 id
1010 1679 1118 1740 prae-

114 1745 292 1810 standum
314 1745 452 1829 putas?
499 1745 596 1821 Quid
618 1767 707 1810 vero
732 1749 791 1809 est
817 1744 980 1809 stultius
1009 1765 1119 1827 quam

113 1833 357 1898 venditorem
385 1833 465 1897 eius
492 1833 572 1917 rei,
590 1854 700 1918 quam
725 1833 878 1916 vendat,
910 1830 1008 1895 vitia
1033 1853 1120 1895 nar·

72 1972 74 1974 .
114 1920 223 1984 rare?
248 1919 337 2004 quid
361 1924 487 1985 autem
508 1923 587 1985 tam
614 1921 830 2005 absurdum,
859 1941 968 2003 quam
996 1919 1029 1983 si
1058 1918 1119 1984 do·

115 2007 208 2072 mini
235 2007 343 2072 iussu
369 2008 431 2072 ita·
453 2030 590 2092 praeco
614 2009 826 2093 praedicet:
857 2007 1031 2072 ‘Domum
1058 2029 1119 2093 pe·

115 2095 312 2159 stilentem
339 2095 511 2160 vendo?''
557 2094 610 2161 Sic
633 2117 710 2181 ergo
732 2097 768 2161 in
791 2095 983 2178 quibusdam
1013 2095 1119 2160 causis
1138 2109 1172 2160 56
1209 2152 1211 2156 ,

115 2181 221 2246 dubiis
244 2203 282 2246 ex
305 2184 409 2248 altera
431 2188 524 2267 parte
549 2183 730 2248 defenditur
752 2183 919 2265 honestas,
949 2205 988 2246 ex
1015 2184 1120 2248 altera

114 2270 163 2334 ita
185 2269 224 2334 de
246 2271 389 2335 utilitate
408 2271 532 2355 dicitur,
554 2275 592 2335 ut
608 2270 651 2354 id,
674 2271 759 2354 quod
777 2271 858 2335 utile
876 2271 1031 2354 videatur,
1053 2292 1120 2335 non

114 2356 210 2422 modo
225 2357 332 2422 facere
349 2357 522 2423 honestum
542 2359 594 2442 sit,
613 2358 669 2422 sed
692 2357 791 2422 etiam
808 2379 874 2422 non
891 2357 998 2422 faeere
1015 2361 1119 2441 turpe.

113 2443 204 2510 Haec
226 2448 276 2510 est
297 2444 365 2528 illa,
389 2467 470 2530 quae
492 2444 620 2510 videtur
642 2445 771 2509 utilium
793 2445 864 2509 fieri
881 2466 955 2509 oum
973 2445 1119 2509 honestis

115 2554 211 2616 saepe
234 2532 400 2598 dissensio.
436 2532 524 2608 Quae
547 2531 750 2597 diiudicanda
770 2535 859 2613 sunt3
881 2532 1059 2612 nonenim,
1082 2534 1119 2595 ut

116 2642 354 2704 quaereremus,
377 2620 597 2704 exposuimus,
620 2619 675 2684 sed
698 2622 734 2683 ut
757 2619 999 2702 explicaremus.
1043 2615 1120 2682 Non
1138 2634 1171 2684 5³1

114 2707 216 2793 igitur
242 2708 370 2774 videtur
395 2729 455 2772 nec
481 2706 712 2773 frumentarius
739 2706 795 2769 ille
818 2704 962 2768 Rhodios
984 2725 1043 2768 nec
1066 2704 1119 2770 hic
1155 2788 1157 2792 Ι

116 2795 242 2860 aedium
256 2795 404 2861 venditor
422 2796 526 2860 celare
540 2798 703 2879 emptores
718 2793 873 2858 debuisse.
904 2790 1017 2875 Neque
1034 2791 1119 2855 enim

17 2884 20 2889 ’
99 2883 148 2946 id
166 2887 216 2947 est
234 2883 347 2968 celare,
366 2883 517 2967 quicquid
534 2883 680 2965 reticeas,
699 2881 754 2945 sed
768 2902 849 2961 cum,
868 2879 954 2964 quod
972 2883 1008 2944 tu
1027 2879 1120 2964 scias,

113 2970 148 3034 id
174 2970 325 3055 ignorare
352 2970 563 3036 emolumenti
588 2971 638 3035 tui
660 2990 758 3035 causa
778 2968 860 3032 velis
884 2988 952 3052 eos,
982 2989 1119 3050 quorum

113 3057 244 3122 intersit
266 3058 300 3122 id
323 3058 412 3123 scire.
457 3056 529 3124 Hoc
552 3062 660 3124 autem
684 3056 809 3122 celandi
833 3077 933 3141 genus
957 3056 1051 3138 quale
1075 3055 1120 3120 sit

115 3149 147 3210 et
171 3146 260 3210 cuius
283 3145 438 3229 hominis,
461 3145 533 3229 quis
556 3167 622 3210 non
642 3144 753 3212 videt?
800 3141 895 3209 Certe
917 3165 982 3208 non
1005 3143 1119 3226 aperti,

112 3254 180 3297 non
202 3233 368 3317 simplicis,
390 3255 456 3298 non
478 3233 623 3319 ingenui,
649 3253 716 3297 non
737 3231 830 3316 iusti,
856 3253 921 3296 non
947 3229 1009 3294 viri
1032 3230 1119 3313 boni,

113 3321 237 3385 versuti
249 3321 371 3406 potius,
383 3321 521 3402 obscuri,
535 3320 645 3403 astuti,
662 3319 799 3405 fallacis,
817 3317 982 3401 malitiosi,
1000 3317 1119 3401 callidi,

47 3423 49 3428 ’
113 3409 320 3491 veteratoris,
347 3407 440 3476 vafri.
484 3407 575 3474 Haec
601 3411 652 3473 tot
680 3411 713 3472 et
741 3407 806 3472 alia
827 3407 922 3492 plura
942 3426 1050 3469 nonne
1072 3405 1119 3469 in·
1150 3358 1192 3607 1

112 3496 195 3561 utile
218 3501 268 3563 cst
289 3496 443 3562 vitiorum
467 3496 575 3562 subire
597 3494 752 3562 nomina?
885 3564 937 3620 w
