2476 3848
473 176 714 241 -157-

96 337 237 421 reperias
260 339 396 422 multos,
422 340 540 422 quibus
567 339 748 425 periculosa
775 345 809 405 et
835 341 942 406 calida
963 341 1100 407 consilia

97 424 213 507 qnietis
236 429 270 489 et
291 426 444 511 cogitatis
472 428 691 513 splendidiora
717 432 751 492 et
773 429 897 493 maiora
918 428 1098 494 videantur.

95 511 282 596 Numquam
308 516 439 579 omnino
470 516 606 600 periculi
635 515 716 601 fuga
746 516 1012 581 committendum
1040 520 1100 599 est,
1117 531 1151 583 83

96 603 134 663 ut
158 601 294 666 inbelles
322 602 491 686 timidique
517 603 697 686 videamur,
724 603 780 668 sed
806 603 995 689 firgiendum
1016 603 1100 668 illud

96 688 203 772 etiam,
223 711 265 752 ne
283 689 455 754 offeramus
472 713 533 756 nos
550 692 702 775 periculis
721 691 790 756 siue
812 713 919 774 causa,
942 712 1005 775 quo
1029 712 1099 755 esse

95 775 178 839 nihil
194 780 304 860 potest
322 779 464 842 stultius.
499 777 703 864 Quapropter
720 780 756 844 in
774 778 926 843 adeundis
947 779 1099 863 perieulis

96 864 291 929 consuetudo
309 865 468 930 imitanda
485 866 682 932 medicorum
700 871 760 951 est,
782 867 837 950 qui
855 867 971 931 leviter
989 887 1100 952 aegro

96 955 204 1015 tantes
224 952 342 1016 leniter
364 958 488 1036 curant,
513 954 717 1038 gravioribus
740 959 849 1019 autem
871 955 994 1020 morbis
1017 954 1100 1038 peri·

96 1039 221 1103 colosas
230 1040 412 1106 curationes
422 1045 455 1105 et
465 1041 621 1125 ancipites
636 1043 788 1107 adhibere
802 1046 970 1128 cogtmtur.
993 1040 1100 1117 Quare

96 1126 131 1189 in
153 1128 330 1210 tranquillo
352 1132 581 1213 tempestatem
609 1129 777 1195 adversam
805 1134 919 1215 optare
942 1129 1099 1195 dementis

97 1217 155 1296 est,
178 1215 347 1280 subvenire
366 1221 475 1280 autem
492 1218 682 1300 tempestati
700 1218 813 1300 quavis
832 1219 957 1282 ratione
976 1217 1100 1302 sapien·

96 1303 149 1384 tis,
171 1324 272 1386 eoque
294 1304 409 1389 magis,
433 1304 461 1367 si
483 1305 558 1388 plus
581 1305 759 1387 adipiscare
781 1327 817 1368 re
840 1305 1000 1389 explicata
1022 1305 1100 1370 boni

97 1411 193 1473 quam
211 1390 403 1455 addubitata
420 1391 507 1455 mali.
536 1389 739 1456 Periculosae
758 1396 866 1456 autem
880 1413 988 1456 rerum
1002 1392 1099 1457 actio

96 1499 153 1541 nes
171 1479 292 1562 partim
308 1479 349 1542 iis
368 1482 452 1561 sunt,
476 1478 531 1561 qui
550 1499 604 1542 eas
623 1478 811 1562 suscipiunt,
833 1479 955 1562 partim
979 1478 1026 1541 rei
1044 1501 1099 1561 pu·

97 1565 208 1630 blicae.
251 1565 400 1650 Itemque
428 1566 485 1630 alii
512 1565 551 1629 de
577 1565 659 1650 vita,
689 1565 746 1629 alii
768 1564 806 1629 de
830 1566 936 1650 gloria
958 1569 991 1628 et
1013 1564 1100 1628 beni-

97 1653 239 1717 volentia
262 1654 380 1718 civium
407 1653 443 1718 in
470 1652 641 1718 discrimen
667 1656 833 1718 vocantur.
878 1651 1099 1735 Promptiores

97 1740 197 1824 igitur
216 1740 368 1805 debemus
387 1762 457 1805 esse
477 1740 517 1804 ad
534 1745 649 1804 nostra
666 1740 809 1825 pericula
832 1761 930 1824 quam
953 1739 994 1803 ad
1016 1761 1100 1804 com·

97 1829 206 1892 munia
223 1828 438 1913 dimicareque
456 1829 602 1913 paratius
622 1828 660 1893 de
678 1829 800 1894 honore
819 1833 852 1891 ot
875 1826 980 1913 gloria
1003 1848 1101 1910 quam

98 1915 136 1979 de
158 1917 273 1980 ceteris
297 1915 483 1981 commodis.

161 2002 289 2068 Inventi
308 2007 417 2068 autem
440 2003 535 2067 multi
553 2007 637 2087 sunt,
656 2004 711 2088 qui
728 2025 795 2069 non
813 2003 908 2069 modo
922 2002 1100 2087 pecuniam,
1118 2020 1149 2072 84

98 2090 274 2155 sedetiam
296 2091 399 2155 vitam
426 2090 619 2175 profundere
641 2113 701 2176 pro
723 2092 831 2177 patria
852 2091 961 2176 parati
984 2094 1100 2172 essent,

96 2177 193 2241 iidem
220 2179 345 2264 gloriae
374 2179 534 2243 iacturam
560 2200 601 2243 ne
633 2180 801 2244 minimam
834 2179 963 2263 quidem
994 2179 1099 2243 facere

96 2265 231 2350 vellent,
260 2287 302 2329 ne
329 2287 364 2329 re
390 2266 521 2350 publiea
548 2267 676 2349 quidem
705 2267 907 2352 postulante3
938 2269 976 2330 ut
1003 2264 1101 2330 (lalli-

96 2354 246 2436 cratidas,
269 2353 325 2436 qui
347 2374 421 2417 cum
443 2351 768 2419 Lacedaemoniorum
792 2355 855 2419 dux
876 2354 992 2419 fuisset
1009 2353 1112 2418 Pelo--

97 2441 290 2525 pennesiaco
312 2440 400 2504 bello
423 2441 589 2525 multaque
611 2440 741 2506 fecisset
769 2441 911 2527 egregie,
938 2441 1037 2506 vertit
1061 2441 1101 2505 ad

97 2532 276 2593 extremum
299 2527 416 2610 omnia,
439 2550 511 2593 oum
534 2528 669 2592 consilio
691 2549 757 2592 non
774 2529 884 2613 paruit
902 2549 1022 2611 eorum,
1045 2528 1101 2611 qui

96 2615 233 2680 classem
252 2616 293 2679 ab
312 2614 486 2700 Arginusis
509 2614 736 2680 removendam
757 2637 817 2680 nec
835 2636 907 2679 cum
926 2613 1101 2678 Athenien-

97 2704 186 2767 sibus
201 2702 417 2767 dimioandum
435 2702 607 2786 putabant3
626 2702 743 2785 quibus
756 2702 811 2766 ille
825 2700 992 2784 respondit
1005 2698 1101 2765 Lace

98 2790 283 2855 daemonios
312 2790 415 2854 classe
442 2790 501 2854 illa
524 2789 645 2854 amissa
668 2789 766 2853 aliam
788 2809 904 2873 parare
926 2807 1035 2872 posse,
1066 2808 1100 2851 se

96 2878 209 2962 fugere
233 2878 302 2942 sine
326 2898 384 2941 suo
408 2876 560 2941 dedecore
581 2898 648 2941 non
669 2897 774 2961 posse.
810 2876 918 2959 Atque
936 2875 1016 2940 haec
1034 2874 1101 2958 qui·

97 2964 171 3028 dem
183 2964 445 3030 Lacedaemoniis
459 2965 558 3048 plaga
573 2963 752 3047 mediocris,
770 2964 830 3027 illa
846 2962 1010 3047 pestifera,
1028 2984 1101 3047 qua,

97 3073 170 3115 oum
193 3050 420 3117 Cleombrotus
446 3051 601 3116 invidiam
628 3051 746 3115 timens
774 3055 895 3116 temere
922 3073 994 3116 cum
1017 3050 1101 3136 Epa-

96 3138 249 3204 minonda
264 3138 468 3221 conflixisset,
481 3137 806 3204 Lacedaemoniorum
817 3160 892 3224 opes
903 3143 1102 3207 corruerunt.

97 3225 226 3300 Quanto
249 3225 286 3301 Q.
308 3226 470 3290 Maximus
493 3226 622 3291 meliust
646 3226 684 3291 de
709 3248 772 3311 quo
795 3227 932 3292 Ennius:

141 3313 246 3378 Unus
268 3314 381 3378 homo
403 3312 515 3377 nobis
539 3315 751 3379 cunctando
775 3315 953 3381 restituit
974 3336 1061 3381 rem.

140 3399 312 3466 Noenum
335 3421 507 3464 rumores
530 3403 693 3484 ponebat
716 3407 804 3468 ante
827 3402 1001 3468 salutem.

140 3487 244 3573 Ergo
257 3487 1057 3591 postquemagisquevirinunoqloriaolor¹
