2476 3848
527 218 566 228 -
614 183 767 248 374-

144 338 312 420 interesse,
343 359 402 403 nec
433 337 537 420 pluris
568 358 653 401 nunc
684 336 790 401 facere
816 335 859 400 M.
887 333 1058 401 Camillum
1086 336 1150 401 hoc

145 424 238 490 civile
271 424 405 508 bellum,
437 447 534 509 quam
563 446 622 489 eo
654 424 713 489 illo
744 425 818 489 vivo
849 425 979 488 fecerim
1010 423 1150 488 Romam

144 518 281 596 captam.
318 510 383 577 Cur
401 513 502 597 igitur
524 517 557 577 et
580 445 736 578 damulus
759 511 896 595 doleret,
920 512 949 576 si
971 512 1051 577 haec
1073 517 1151 595 post

144 604 304 666 trecentos
324 604 357 665 et
374 601 609 686 quinquaginta
627 600 696 664 fere
715 622 817 665 annos
836 603 989 664 eventura
1011 603 1151 684 putaret,

145 694 178 754 et
205 709 265 774 ego
292 689 431 772 doleam,
459 689 487 753 si
514 687 554 752 ad
581 688 691 752 decem
719 689 810 752 milia
837 709 993 753 annorum
1019 693 1151 772 gentem

145 778 286 861 aliquam
313 776 392 840 urbe
417 780 530 841 nostra
556 776 734 859 potituram
760 775 893 859 putem?
943 775 1025 852 Quia
1056 779 1151 842 tanta

92 866 261 980 380aritas
293 865 418 947 patriae
449 868 512 947 est,
543 869 580 928 ut
611 885 682 927 eam
713 885 779 928 non
811 885 907 928 sensu
938 868 1063 946 nostro,
1093 865 1151 929 sed

92 993 125 1042 91
146 953 248 1016 salute
266 952 369 1036 ipsius
388 952 568 1016 metiamur.
598 950 712 1036 Itaque
727 973 794 1016 non
812 950 953 1015 deterret
970 951 1151 1036 sapientem

144 1062 245 1118 mors,
277 1060 357 1124 quae
390 1043 521 1123 propter
548 1039 688 1104 incertos
718 1061 810 1104 casus
842 1039 960 1104 cotidie
990 1039 1151 1123 imminet,

143 1130 277 1213 propter
304 1127 496 1192 brevitatem
522 1128 607 1193 vitae
633 1149 808 1211 numquam
837 1130 946 1210 potest
971 1127 1067 1212 longe
1094 1129 1150 1192 ab·

144 1237 227 1299 esse,
251 1215 440 1298 quominus
463 1217 499 1279 in
518 1237 613 1280 omne
635 1219 763 1298 tempus
782 1215 829 1278 rei
850 1215 999 1297 publicae
1018 1215 1150 1300 suisque

145 1304 293 1368 consulat
316 1308 372 1368 aut
394 1304 615 1386 posteritatem
637 1303 757 1386 ipsam,
784 1303 873 1366 ouius
901 1323 1030 1367 sensum
1057 1303 1151 1368 habi·

144 1397 236 1456 turus
267 1412 334 1455 non
366 1391 421 1474 sit,
454 1390 494 1454 ad
526 1413 560 1455 se
591 1395 684 1475 putet
715 1392 885 1473 pertinere.
939 1389 1044 1466 Quare
1074 1391 1152 1456 licet

145 1480 242 1544 etiam
265 1479 437 1544 mortalem
460 1500 529 1544 csse
551 1479 696 1544 animum
718 1478 914 1543 iudicantem
934 1481 1064 1544 aeterna
1083 1502 1150 1547 mo-

144 1568 210 1647 liri,
237 1588 305 1632 non
332 1567 456 1651 gloriae
483 1566 673 1650 cupiditate,
701 1588 798 1651 quam
826 1587 977 1631 sensurus
1003 1589 1069 1633 non
1097 1570 1150 1651 sit,

145 1655 201 1720 sed
227 1655 371 1737 virtutis,
403 1676 499 1739 quam
527 1655 711 1719 necessario
739 1654 857 1738 gloria,
889 1655 1017 1718 etiamsi
1047 1660 1084 1720 tu
1116 1656 1150 1719 id

144 1765 211 1808 non
234 1764 326 1827 agas,
349 1747 570 1827 consequatur.

210 1829 336 1894 Natura
354 1850 430 1895 vero
448 1832 477 1894 εἰ
495 1852 528 1894 se
548 1830 594 1895 sic
611 1830 724 1912 habet,
746 1833 795 1912 ut,
819 1830 995 1915 quomodo
1018 1830 1147 1894 initium

144 1919 239 1984 nobis
261 1940 368 1981 rerum
392 1918 536 1982 omnium
559 1922 650 1982 ortus
668 1920 777 1982 noster
796 1918 934 2001 adferat,
957 1918 1002 1983 sie
1024 1917 1145 1981 exitum

144 2027 245 2082 mors,
267 2007 304 2068 ut
326 2005 409 2068 nihil
431 2005 588 2088 pertinuit
610 2005 651 2069 ad
672 2026 732 2069 nos
755 2009 829 2069 ante
853 2010 972 2090 ortum,
997 2005 1042 2070 sio
1063 2003 1146 2069 nihil

144 2097 220 2176 post
250 2096 388 2156 mortem
419 2093 603 2176 pertinebit.
660 2092 699 2157 In
730 2115 793 2177 quo
830 2094 908 2177 quid
940 2097 1046 2177 potest
1076 2115 1148 2158 csse

145 2180 236 2263 mali,
259 2203 332 2244 cum
360 2203 445 2245 mors
472 2203 530 2246 neo
558 2181 598 2245 ad
621 2181 711 2245 vivos
734 2182 894 2264 pertineat
915 2204 974 2247 nec
1002 2181 1043 2246 ad
1064 2204 1150 2246 mor-

93 2291 127 2341 92
145 2268 240 2333 tuos?
277 2268 384 2333 Alteri
407 2269 489 2333 nulli
512 2273 600 2350 sunt,
622 2268 743 2333 alteros
765 2291 832 2334 non
855 2270 1005 2355 attinget.
1046 2270 1151 2347 Quam

146 2357 383 2441 qui‘leviorem
409 2356 547 2440 faciunt,
575 2356 680 2421 somni
707 2357 904 2422 simillimam
931 2359 1044 2423 volunt
1070 2381 1150 2424 esse.

146 2444 245 2521 Quasi
265 2466 340 2510 vero
363 2445 532 2530 quisquam
552 2445 600 2509 ita
616 2446 796 2530 nonaginta
814 2468 916 2511 annos
933 2447 1015 2510 velit
1032 2447 1151 2531 vivere,

145 2537 193 2615 ut,
226 2555 298 2598 cum
330 2532 498 2616 sexaginta
530 2533 715 2617 confecerit,
751 2534 893 2619 reliquos
925 2533 1076 2598 dormiat!
1108 2557 1151 2599 ne

146 2622 196 2684 sui
228 2622 355 2705 quidem
387 2621 419 2684 id
451 2621 566 2704 velint,
602 2643 669 2686 non
700 2622 795 2687 modo
826 2623 904 2704 ipse.
962 2621 1152 2704 Endymion

145 2731 236 2792 vero,
260 2710 288 2774 si
309 2708 435 2772 fabulas
459 2707 569 2772 audire
590 2709 751 2792 volumus,
774 2712 811 2772 ut
832 2709 941 2773 nescio
965 2709 1092 2793 quando
1115 2711 1152 2775 in

145 2795 260 2862 Latmo
279 2796 487 2879 obdormivit,
505 2797 560 2879 qui
578 2801 627 2860 est
646 2819 737 2861 mons
757 2794 885 2879 Cariae,
905 2796 1057 2880 nondum,
1081 2799 1151 2881 opi·

145 2906 219 2969 nor,
243 2890 292 2949 est
314 2887 527 2968 experrectus.
571 2883 658 2948 Num
680 2885 781 2968 igitur
803 2905 876 2948 eum
899 2906 1010 2949 curare
1028 2907 1151 2969 censes,

145 2994 219 3036 cum
242 2974 331 3038 Luna
348 2971 497 3036 laboret?
521 2994 621 3055 aqua
639 2972 824 3055 consopitus
847 2976 995 3056 putatur,
1015 2976 1053 3037 ut
1075 2995 1152 3037 eum
1217 2992 1221 3008 ¹

145 3059 357 3124 dormientem
385 3061 591 3124 oscularetur.
640 3059 723 3136 Quid
754 3063 843 3125 curet
871 3064 993 3144 autem,
1027 3062 1082 3145 qui
1109 3083 1152 3126 ne
1218 3074 1222 3084 ’

146 3148 247 3212 sentit
264 3146 411 3229 quidem?
441 3147 552 3212 Habes
571 3169 720 3213 somnum
738 3148 915 3232 imaginem
933 3149 1047 3214 mortis
1059 3170 1151 3232 ,eam-

146 3256 207 3319 que
234 3235 350 3298 cotidie
377 3234 497 3319 induis,
524 3239 557 3299 et
579 3235 720 3318 dubitas,
747 3235 825 3320 quin
852 3258 965 3302 sensns
987 3237 1023 3301 in
1045 3241 1152 3302 morte

145 3322 253 3386 nullus
276 3322 336 3403 sit,
358 3343 429 3385 cum
452 3324 488 3387 in
510 3323 578 3387 eius
602 3323 771 3388 simulacro
799 3323 910 3389 videas
933 3346 1002 3390 esse
1023 3324 1152 3390 nullum

90 3409 376 3630 29¹8ensll’iilldntur
406 3518 483 3582 ergo
515 3499 597 3562 istae
624 3500 764 3582 ineptiae
793 3521 896 3583 paene
928 3499 1044 3582 aniles,
1075 3503 1152 3565 ante
