2476 3848
528 208 570 219 -
616 171 769 237 504-

149 332 302 420 perpauci
327 333 408 397 bene
435 333 584 415 utuntur,
612 330 667 414 qui
689 332 799 395 tamen
820 328 884 415 ipsi
907 351 1043 414 saepes
1065 333 1156 397 male

149 421 316 486 utentibus
340 419 575 505 opprimuntur,
599 418 850 483 innumerabiles
873 422 981 483 autem
1003 419 1156 505 improbe

149 514 294 593 utuntur,
315 512 352 572 11
375 509 494 572 donum
516 506 578 570 hoc
597 506 740 570 divinum
758 506 895 571 rationis
915 510 947 570 et
966 507 1091 571 consilii
1112 509 1156 573 ed

149 597 296 663 fraudem
313 596 507 678 hominibus,
524 616 590 658 non
609 595 649 659 ad
667 594 847 659 bonitatem
860 594 1063 679 impertitum
1081 617 1157 661 esse

97 753 139 879 {361
150 686 420 859 udesapprffigeffis
438 770 613 835 identidem
630 769 798 833 hominum
817 790 887 834 esse
900 769 998 834 istam
1012 771 1155 856 culpam,

150 880 216 925 non
238 860 383 942 deorum,
405 862 443 922 ut
466 858 494 922 si
516 857 657 922 medicus
681 857 877 943 gravitatem
899 857 1014 942 morbi,
1038 859 1156 945 guber-

150 951 246 1013 nator
264 947 331 1011 vim
348 944 553 1031 tempestatis
572 948 713 1028 accuset3
737 944 799 1010 etsi
817 943 853 1010 hi
871 946 1000 1030 quidem
1017 943 1157 1011 homun-

150 1036 228 1120 culi,
261 1034 316 1099 sed
347 1036 458 1098 tamen
483 1031 618 1096 ridiculi.
664 1031 742 1108 Quis
771 1032 856 1097 enim
882 1036 916 1097 te
943 1033 1156 1120 adhibuisset,

151 1122 267 1186 dixerit
297 1121 471 1206 quispiam,
500 1120 529 1185 si
556 1121 622 1185 ista
648 1140 714 1185 non
741 1120 871 1185 essent?
908 1118 1030 1185 Contra
1057 1121 1155 1187 deum

150 1210 227 1274 licet
254 1209 417 1293 disputare
445 1207 589 1272 liberius.
633 1206 672 1271 ln
698 1207 866 1272 hominum
893 1207 981 1272 vitiis
1010 1207 1057 1273 ais
1081 1231 1155 1274 esse

151 1298 287 1382 culpam.
323 1296 406 1361 Eam
425 1295 566 1360 dedisses
584 1292 769 1359 hominibus
788 1295 956 1379 rationem,
975 1318 1056 1380 quae
1070 1297 1158 1362 vitia

151 1385 342 1470 culpamque
361 1382 549 1450 excluderet.
580 1379 647 1448 Ubi
664 1382 766 1469 igitur
779 1383 869 1448 locus
888 1383 950 1447 fuit
965 1384 1066 1448 errori
1081 1385 1156 1450 deo·

150 1473 244 1538 rum?
271 1471 357 1537 Nam
375 1471 571 1557 patrimonia
590 1493 646 1555 spe
665 1469 746 1535 bene
764 1470 912 1535 tradendi
930 1470 1155 1558 relinquimus,

152 1583 215 1645 qua
232 1581 403 1645 possumus
417 1560 504 1643 falli,
524 1559 600 1623 deus
614 1557 687 1622 falli
702 1557 757 1642 qui
768 1558 898 1642 potuit?
921 1558 975 1622 An
989 1564 1025 1623 ut
1039 1557 1105 1644 Sol,
1119 1561 1155 1625 in

151 1668 279 1713 currum
302 1670 374 1713 cum
396 1645 635 1712 Phaethontem
655 1646 760 1710 filium
782 1646 928 1730 sustulit,
952 1650 1008 1711 aut
1030 1645 1153 1732 Neptu·

150 1757 225 1820 nus,
253 1758 326 1801 cum
348 1735 490 1800 Theseus
513 1734 729 1819 Hippolytum
751 1733 903 1818 perdidit,
930 1757 1002 1799 cum
1024 1738 1073 1799 ter
1096 1757 1154 1819 op·

98 1835 132 1884 '1⁷
151 1824 242 1888 tandi
269 1847 288 1888 a
310 1821 462 1908 Neptuno
484 1826 578 1907 patre
600 1819 767 1886 habuisset
789 1819 1009 1907 potestatem?
1038 1820 1154 1887 Pocta-

151 1931 224 1976 rum
252 1911 317 1975 ista
347 1914 435 1994 sunt,
463 1931 523 1974 nos
552 1913 660 1973 autem
685 1909 874 1994 philosophi
900 1911 1153 1994 essevolumus,

151 2020 260 2064 rerum
283 2002 438 2081 auctores,
461 2016 526 2061 non
548 1995 740 2061 fabularum.
778 1997 886 2081 Atque
908 1997 944 2061 hi
961 2002 1070 2062 tamen
1087 1999 1155 2084 ipsi

151 2086 184 2149 di
213 2085 331 2170 po'e‘tici
361 2084 389 2148 si
417 2084 553 2148 scissent
579 2084 760 2168 perniciosa
785 2083 855 2149 fore
881 2085 941 2151 illa
962 2086 1052 2170 filiis,
1081 2108 1154 2171 pec-

152 2193 242 2238 casse
264 2172 300 2236 in
321 2172 475 2236 beneficio
498 2175 697 2256 putarentur.
733 2170 786 2257 Et,
809 2173 838 2237 si
854 2195 967 2238 verum
985 2176 1044 2257 est,
1067 2174 1155 2258 quod

151 2260 264 2325 Aristo
279 2257 378 2324 Chius
403 2259 506 2324 dicere
529 2258 664 2345 solebat,
685 2282 800 2325 nocere
823 2260 1026 2325 audientibus
1048 2260 1154 2346 philo·

152 2347 272 2432 sophos
290 2347 340 2431 iis,
363 2345 418 2431 qui
436 2347 516 2411 bene
535 2344 621 2412 dicta
639 2348 724 2412 male
737 2348 1028 2434 interpretarentur
1042 2349 1155 2435 (posse

152 2435 237 2502 enim
264 2439 373 2501 asotos
402 2456 440 2499 ex
467 2434 641 2520 Aristippi,
673 2434 805 2500 acerbos
832 2458 849 2501 e
877 2434 1013 2501 Zenonis
1041 2433 1156 2502 schola

153 2520 266 2608 exire),
287 2543 430 2607 prorsus,
453 2523 490 2606 si,
513 2523 568 2607 qui
591 2523 768 2606 audierunt,
786 2522 902 2588 'vitiosi
925 2528 1033 2588 essent
1055 2523 1155 2588 dices-

153 2611 232 2696 suri,
263 2608 347 2695 quod
369 2630 519 2695 perverse
540 2609 810 2695 philosophorum
833 2611 1085 2695 disputationem
1106 2612 1155 2675 in-

152 2702 417 2784 terpretarentur,
438 2701 545 2762 tacere
567 2701 748 2782 praestaret
765 2697 969 2782 philosophis
989 2721 1085 2783 quam
1103 2699 1155 2784 iis,

99 2797 133 2847 18
154 2788 209 2872 qui
235 2809 270 2852 se
298 2786 476 2870 audissent,
504 2807 628 2850 nocere.
673 2783 737 2869 Sic,
765 2784 793 2849 si
819 2785 966 2850 homines
993 2786 1154 2851 rationem

152 2876 237 2939 bono
267 2874 401 2940 consilio
432 2897 451 2938 a
479 2873 527 2936 dis
554 2873 793 2946 immortalibus
818 2869 928 2937 datam
949 2873 984 2937 in
1005 2871 1154 2939 fraudem

152 2963 374 3046 malitiamque
393 2964 592 3045 convertunt,
609 2983 675 3025 non
693 2961 762 3025 dari
780 2961 871 3025 illam
890 2984 987 3046 quam
1008 2961 1078 3025 dari
1095 2960 1155 3027 hu·

152 3069 248 3113 mano
280 3049 389 3135 generi
416 3048 531 3113 melius
553 3047 625 3113 fuit.
669 3046 729 3132 U,
759 3048 789 3112 si
810 3049 951 3113 medicus
975 3049 1057 3114 sciat
1079 3071 1154 3114 eum

153 3141 331 3221 aegrotum,
351 3137 406 3220 qui
419 3136 525 3200 iussus
541 3135 584 3200 sit
598 3136 707 3201 vinum
722 3158 856 3220 sumere,
874 3137 1031 3201 meracius
1047 3159 1154 3222 sump-

152 3228 263 3286 turum
290 3225 464 3308 statimque
487 3224 679 3308 periturum,
706 3245 760 3287 ma
807 3246 826 3287 a
848 3224 948 3288 sitin
971 3225 1079 3310 culpa,
1107 3224 1154 3289 sic

152 3314 263 3376 vestra
284 3311 349 3375 ista
371 3311 575 3395 providentia
596 3245 865 3397 reprehendehda,
891 3330 971 3395 quae
993 3311 1154 3377 rationem

151 3398 276 3463 dederit
298 3398 347 3482 iis,
371 3419 451 3482 quos
475 3399 584 3463 scierit
602 3421 640 3463 ea
656 3420 806 3484 perverse
826 3402 858 3463 et
876 3399 1011 3484 inprobe
1028 3421 1155 3464 usuros.

61 3396 228 3629 wisi
249 3487 334 3552 forte
357 3483 462 3552 dicitis
486 3508 559 3552 eam
579 3487 727 3552 nescisse.
763 3485 899 3552 Utinam
922 3486 1064 3571 quidem!
1091 3484 1156 3552 Sed
