2476 3848
532 182 772 249 -156-

99 333 142 398 23
218 351 356 417 Omnino
378 351 460 415 illud
486 351 602 416 honest
588 355 671 435 tum,
704 350 790 452 qued
821 372 860 415 ex
892 351 999 415 animo
1027 350 1153 416 excelso

100 411 132 461 ⁷⁹
152 441 387 525 magnificoque
410 438 606 522 quaerimus,
629 438 729 503 animi
751 437 849 502 efficit
835 441 897 590 tur,
919 459 986 502 non
1008 439 1153 523 corporis

151 528 283 593 viribus.
317 527 539 591 Exercendum
561 530 671 591 tamen
693 548 809 611 corpus
833 525 1153 591 et1affie1enduma

152 619 214 699 est,
228 619 265 680 ut
284 613 434 679 oboedire
452 614 587 678 consilio
606 613 789 697 rationique
806 614 938 698 possit
929 635 964 676 m
982 635 1154 697 exsequen-

152 703 201 768 dis
224 702 364 789 negotiis
389 702 453 766 et
443 725 478 765 m
500 702 612 767 labore
630 701 808 766 tolerando.
837 699 964 767 Honest
950 705 1020 765 tum
1043 705 1153 766 autem

151 791 198 874 id,
221 791 307 874 quod
325 790 534 874 exquirimus,
552 793 659 854 totum
678 793 728 853 ιιι
745 788 916 874 positum
906 810 942 853 ιιι
960 789 1060 853 animi
1078 811 1155 854 cura

153 883 186 943 et
209 877 455 978 cogitatione3
446 898 481 941 m
509 898 571 977 quc
598 898 664 941 non
691 877 848 941 minorem
874 880 923 940 uti
897 876 1051 941 tilitatem
1079 877 1154 941 affe-

152 969 241 1049 runt,
265 966 320 1048 qui
342 965 450 1050 togati
472 965 519 1028 rei
541 964 688 1048 publicae
706 967 875 1049 praesunt,
899 986 996 1048 quam
1014 964 1154 1047 qu1bel-

152 1053 221 1117 lum
251 1055 376 1137 gerunt.
425 1050 539 1135 Itaque
572 1073 682 1116 eorum
715 1052 849 1116 consilio
877 1073 972 1136 saepe
1000 1056 1062 1136 ,aut
1088 1073 1155 1116 non

154 1144 303 1224 suscepta
321 1143 377 1203 aut
396 1139 541 1205 confecta
559 1140 647 1204 bella
665 1143 756 1222 sunt,
774 1161 840 1203 non
857 1162 1034 1223 numquam
1053 1139 1152 1204 etiam

153 1228 269 1311 inlata,
291 1231 328 1291 ut
345 1226 388 1291 Μ.
404 1225 536 1291 Catenis
559 1227 680 1292 bellum
698 1226 832 1291 tertium
845 1227 1011 1311 Punicum,
1033 1228 1068 1291 in
1090 1249 1154 1310 quo

101 1331 135 1382 80
154 1315 253 1379 etiam
277 1314 397 1378 mortui
419 1314 523 1379 valuit
541 1315 726 1379 auctoritas.
763 1312 868 1388 Quare
887 1315 1064 1399 expetenda
1087 1315 1155 1399 qui-

154 1402 226 1466 dem
249 1402 354 1487 magis
378 1405 428 1466 ιιι
451 1402 639 1467 decernendi
661 1401 746 1466 ratio
771 1424 868 1485 quam
887 1402 1070 1468 decertandi
1091 1403 1155 1466 for-

154 1489 259 1553 titudo
264 1540 273 1572 ,
288 1489 344 1554 sed
362 1490 547 1572 cavendum,
564 1511 605 1554 ne
622 1489 656 1553 id
673 1488 817 1553 bellandi
835 1490 941 1575 magis
959 1490 1039 1575 fuga
1057 1510 1154 1572 quam

152 1577 306 1641 utilitatis
325 1577 450 1641 ratione
468 1577 633 1641 feriamus.
665 1575 793 1640 Bellum
813 1581 921 1641 autem
938 1577 987 1641 ιιι
1005 1577 1155 1660 suscipia-

155 1669 222 1748 tur,
248 1668 286 1729 ut
311 1664 394 1727 nihil
418 1665 505 1728 aliud
526 1664 590 1728 nisi
612 1686 676 1749 pax
699 1664 846 1747 quaesita
868 1664 1023 1729 videatur.

218 1750 327 1816 Fortis
362 1772 439 1816 vero
476 1751 575 1815 animi
612 1756 645 1815 ιι
680 1753 861 1815 constantis
894 1756 944 1816 ιιι
982 1773 1047 1816 non
1082 1773 1155 1834 per—

153 1839 280 1904 turbari
308 1839 343 1903 in
365 1838 461 1903 rebus
485 1838 607 1923 asperis
634 1860 692 1903 nee
714 1840 967 1904 tumultuantem
990 1839 1029 1902 de
1052 1839 1155 1923 gradu

155 1927 247 2009 deici,
281 1930 318 1990 ut
353 1926 481 2009 dieitur,
516 1926 572 1990 sed
602 1927 766 2010 praesenti
798 1927 904 1991 animo
935 1926 985 1990 uti
1016 1930 1049 1990 et
1079 1948 1155 1990 con-

102 2028 135 2078 81
155 2014 228 2077 silio
251 2036 309 2079 nec
333 2014 495 2078 aratione
522 2014 690 2078 discedere.
735 2013 937 2097 Quamquam
958 2014 1020 2078 hoe
1048 2013 1155 2097 animi,

154 2100 236 2165 illud
273 2100 372 2165 etiam
407 2101 529 2187 ingenii
564 2101 675 2186 magni
712 2105 774 2185 est,
807 2101 998 2187 'praecipere
1035 2101 1155 2187 cogita-

155 2188 243 2252 tione
283 2187 393 2254 futura
433 2192 466 2254 ιι
506 2189 673 2272 aliquanto
714 2193 789 2253 ante
830 2190 1039 2274 constituere,
1080 2188 1156 2273 quid

155 2275 297 2340 accidere
327 2277 432 2361 possit
462 2277 498 2341 in
527 2281 698 2361 utramque
725 2281 865 2361 partem,
897 2281 931 2341 ιι
963 2277 1039 2360 quid
1061 2299 1156 2363 agen-

156 2364 232 2428 dum
268 2364 324 2447 sit,
365 2387 437 2429 cum
473 2364 551 2447 quid
586 2364 740 2448 evenerit,
775 2386 834 2430 nec
874 2366 1088 2448 committere,
1120 2368 1157 2428 ut

156 2451 328 2535 aliquando
361 2451 527 2516 dicendum
555 2452 610 2516 sit:
639 2450 726 2516 ‘Non
751 2451 924 2536 putaram’.
968 2453 1058 2517 Haec
1080 2456 1156 2516 sunt

156 2561 255 2623 opera
272 2540 383 2625 magni
402 2541 502 2603 animi
525 2544 557 2604 et
576 2539 694 2605 excelsi
717 2543 750 2603 et
767 2539 940 2624 prudentia
957 2539 1155 2621 consilioque

156 2626 298 2711 fidentis3
331 2632 451 2692 temere
479 2630 588 2692 autem
614 2628 649 2691 in
671 2626 739 2692 acie
761 2627 885 2692 versari
907 2629 940 2690 et
962 2647 1061 2690 manu
1083 2647 1156 2690 cum

155 2714 250 2780 hoste
273 2716 453 2864 confligeret
467 2715 607 2780 immane
631 2714 782 2798 quiddam
805 2717 838 2778 et
859 2714 1028 2778 beluarum
1051 2713 1156 2778 simile

157 2807 219 2886 est3
250 2803 306 2868 sed
336 2826 408 2868 cum
439 2806 566 2887 tempus
596 2802 834 2885 necessitasque
863 2823 923 2886 pos
924 2802 1022 2884 t,ulat
1051 2801 1156 2866 decer·

157 2854 290 2953 tandum
323 2912 420 2954 manu
453 2893 502 2953 est
534 2894 567 2954 et
598 2911 686 2954 mors
719 2889 869 2953 servituti
899 2889 1004 2974 turpit
1005 2851 1157 3019 ddinique

159 2976 388 3058 anteponenda.

224 3062 273 3127 De
295 3062 475 3128 evertendis
499 3069 607 3129 autem
635 3063 884 3147 diripiendisque
906 3065 1041 3129 urbibus
1064 3064 1158 3129 valde

159 3150 497 3216 considerandumt
448 3156 497 3216 ιιι
519 3174 560 3215 ne
579 3152 656 3235 quid
673 3155 807 3235 temere,
824 3173 865 3215 ne
884 3153 961 3235 quid
979 3150 1157 3215 crudeliter.

157 3236 258 3320 quue
287 3242 336 3301 est
368 3239 479 3322 magni
506 3238 581 3321 viri,
612 3238 708 3301 rebus
737 3238 871 3322 agitatis
898 3238 1012 3323 punire
1039 3239 1158 3319 sontes,

158 3324 398 3389 multitudinem
421 3346 623 3408 conservare,
646 3325 681 3388 in
699 3325 788 3389 omni
804 3325 936 3390 fortuna
954 3326 1042 3388 recta
1060 3327 1158 3406 atque

105 3119 139 3166 82

202 3416 296 3477 nesta
324 3413 470 3478 retinere.
521 3410 568 3476 Ut
600 3411 685 3476 enim
715 3415 804 3494 sunt,
834 3433 929 3496 quem
959 3410 999 3475 ad
1027 3411 1159 3476 modum

62 3412 260 3633 Ἥρω
283 3499 362 3582 dixi,
385 3500 440 3583 qui
462 3498 595 3564 urbanis
617 3500 714 3564 rebus
732 3499 866 3564 bellicas
886 3501 1095 3585 anteponant,
1113 3499 1160 3564 sic
