2476 3848
470 223 512 234 -
557 187 622 252 469
668 223 710 233 -

91 349 189 413 etiam
216 348 302 412 ultro
331 347 454 412 delatos
480 347 677 432 repudiabit3
701 369 760 413 nos
783 351 890 412 autem
914 369 968 414 eos
991 348 1090 413 nesci·
1200 369 1201 372 ¹

90 458 176 518 mus,
206 439 280 500 aute
304 457 399 519 quam
422 436 585 519 paenitere
608 437 726 521 coepit,
753 439 964 501 contemnere.
1007 436 1069 500 Est
1093 455 1142 505 105

91 525 174 608 apud
205 523 404 588 Heraclitum
434 524 599 608 physicum
631 524 669 588 de
700 523 845 607 principe
876 523 1091 608 Ephesiorum

90 611 306 696 He1m0o0r03
333 611 499 676 universos
527 613 573 676 ait
598 611 758 695 Ephesios
786 633 855 676 esse
881 616 986 677 morte
1011 613 1091 676 mul·

91 701 221 783 tandos,
249 699 345 784 quod,
375 721 446 764 cum
475 700 605 765 civitate
630 701 826 784 expellerent
847 700 1091 782 Hermodorum,

91 790 138 853 ita
167 789 266 852 locuti
298 788 377 852 sint:
410 787 540 852 ‘Nemo
573 787 615 852 de
641 788 753 853 nobis
784 809 879 853 unus
910 789 1090 871 excellat;

91 877 151 941 sin
183 876 492 959 quis‘extiterit,
521 876 597 941 alio
624 876 663 941 in
689 877 773 942 loco
804 879 841 940 et
868 875 964 960 apud
994 876 1091 940 alios

92 963 164 1028 sit'
218 963 271 1028 An
301 962 363 1027 hoc
390 985 456 1028 non
486 963 533 1029 ita
564 964 601 1028 fit
632 965 719 1030 omni
749 963 783 1027 in
814 963 957 1047 populo?
986 986 1092 1029 nonne

90 1073 219 1116 omnem
243 1052 502 1134 exsuperantiam
525 1052 653 1117 virtutis
677 1051 833 1116 oderunt?
872 1052 975 1128 Quid?
1021 1052 1092 1116 Ari·

92 1140 192 1204 stides
221 1137 321 1223 (malo
349 1140 433 1203 enim
460 1137 654 1204 Graecorum
682 1161 778 1225 quam
800 1144 914 1205 nostra
936 1137 1093 1226 proferre)

81 1249 196 1292 ⁴nonne
216 1227 344 1292 obeam
363 1249 493 1292 causam
507 1229 656 1310 expulsus
671 1232 720 1291 cst
733 1229 848 1310 patria,
868 1228 952 1313 quod
965 1232 1093 1312 praeter

93 1315 222 1380 modum
244 1315 349 1379 iustus
372 1314 479 1380 esset?
516 1314 651 1391 Quantis
674 1315 774 1399 igitur
792 1315 949 1380 molestiis
968 1320 1093 1398 vacant,

94 1402 148 1487 qui
169 1403 252 1468 nihil
276 1403 406 1468 omnino
435 1419 506 1468 cum
533 1403 654 1486 populo
682 1401 888 1467 contrahunt!
934 1401 1016 1478 Quid
1044 1406 1094 1468 est

92 1491 179 1554 enim
209 1491 331 1556 dulcius
360 1491 427 1556 otio
454 1490 621 1554 litterato?
644 1490 688 1554 iis
718 1489 789 1554 dico
818 1490 949 1573 litteris,
976 1490 1092 1575 quibus

93 1578 286 1642 infinitatem
303 1600 409 1643 rerum
428 1581 523 1662 atque
541 1581 675 1642 naturae
693 1581 727 1642 et
748 1579 782 1642 in
802 1577 863 1643 hoc
885 1578 956 1661 ipso
974 1578 1092 1643 mundo

93 1667 230 1750 caelum,
252 1670 369 1750 terras,
391 1667 494 1730 maria
516 1666 748 1751 cognoscimus.

160 1753 354 1838 Contempto
369 1753 468 1838 igitur
481 1754 612 1837 honore,
625 1757 811 1837 contempta
824 1753 922 1818 etiam
936 1753 1072 1835 pecunia
1096 1723 1145 1850 ,ξέ

94 1842 170 1926 quid
196 1843 401 1926 relinquitur,
428 1842 513 1927 quod
541 1845 594 1906 ext
579 1842 875 1908 timescendumt
833 1841 896 1906 sit?
940 1841 1093 1925 Exilium,

94 1931 200 2012 oredo,
223 1930 338 2014 quod
328 1953 363 1994 111
385 1930 542 1994 maxumis
564 1931 658 1995 malis
682 1930 770 1994 ducit
755 1933 816 1996 tur
851 1927 939 1994 Id
912 1952 941 1995 s1
961 1934 1095 2015 propter

94 2018 232 2082 alienam
265 2021 298 2081 et
331 2018 485 2082 offensam
514 2018 625 2103 populi
654 2019 768 2082 volunt
754 2021 855 2083 tatem
886 2019 1006 2084 malum
1038 2021 1094 2102 est,

94 2128 190 2188 quam
222 2104 265 2168 sit
297 2125 334 2167 ea
366 2107 612 2190 contemnenda,
651 2107 747 2191 paulo
780 2111 853 2171 ante
885 2106 1005 2171 dictum
1037 2110 1096 2172 est.

94 2191 151 2255 Sin
169 2193 281 2255 abesse
300 2193 405 2273 patria
423 2194 576 2257 miserum
595 2198 656 2278 est,
677 2195 793 2278 plenae
814 2196 1003 2259 miserorum
1021 2217 1094 2277 pro-

94 2278 217 2342 vinciae
247 2283 335 2361 sunt,
366 2301 403 2343 ex
434 2281 548 2363 quibus
577 2281 747 2346 admodum
774 2283 867 2365 pauci
893 2282 928 2347 in
957 2284 1094 2366 patriam

94 2369 306 2430 revertuntur.
341 2367 387 2430 At
404 2368 583 2432 multantur
608 2368 701 2432 bonis
725 2370 841 2434 exules.
879 2369 962 2446 Quid
980 2370 1071 2434 tum?
1097 2381 1145 2429 10⁷

94 2474 248 2537 parumne
263 2454 364 2518 multa
382 2454 420 2518 de
434 2454 601 2519 toleranda
620 2459 809 2538 paupertate
827 2456 998 2520 dicuntur?
1025 2455 1095 2520 Iam

94 2565 170 2606 vero
194 2541 334 2624 exilium,
358 2543 386 2606 si
408 2564 513 2606 rerum
536 2546 696 2624 naturam,
719 2565 783 2607 non
805 2543 1018 2628 ignominiam
1039 2564 1094 2607 nc-

95 2631 190 2694 minis
218 2630 413 2715 quaerimus,
440 2633 595 2714 quantum
622 2629 751 2695 tandem
778 2653 797 2695 a
823 2634 979 2715 perpetua
1006 2652 1094 2714 pere·

96 2719 275 2801 grinatione
298 2718 425 2783 differt?
447 2718 482 2783 in
505 2740 569 2803 qua
592 2722 713 2783 aetates
733 2741 807 2783 suas
829 2717 1016 2802 philosophi
1039 2740 1095 2783 no-

95 2805 246 2870 bilissimi
260 2810 532 2889 consumpserunt,
546 2805 751 2890 Xenocrates,
762 2805 909 2885 Crantor,
923 2805 1095 2890 Arcesilas,

96 2891 252 2974 Lacydes,
275 2893 349 2957 Aris
351 2895 480 2975 t,otelcs
509 2893 764 2977 Theophrastus,
792 2893 876 2958 Zeno
882 2891 1095 2977 ,Cleanthes

96 2977 310 3063 Chrysippus,
328 2981 513 3065 Antipater,
531 2979 725 3066 Carneades,
743 2943 970 3059 (llitomahhus,
993 2981 1094 3060 Philo,

95 3067 290 3149 Antiochus,
317 3066 450 3132 Panaet
426 3073 505 3152 t,1us
530 3033 735 3152 Posidonius,
760 3031 1008 3134 innumerabiles
1032 3070 1095 3153 alii,

96 3155 151 3240 qui
173 3156 271 3218 semel
280 3157 433 3257 ,egressi
444 3179 618 3241 numquam
645 3158 774 3222 domum
799 3161 1005 3223 reverterunt
1050 3122 1096 3222 Αι

96 3244 181 3307 enim
195 3243 263 3308 sine
276 3242 498 3328 ignominia..
513 3244 668 3310 adficere
681 3247 809 3348 sapient
794 3245 881 3310 tem?
896 3246 934 3311 de
949 3247 1095 3331 sapiente

97 3333 181 3396 enim
203 3330 283 3396 haec
307 3331 411 3397 omnis
434 3332 538 3397 oratio
561 3336 621 3416 est,
647 3335 699 3399 cui
720 3335 789 3398 iure
811 3334 843 3398 id
867 3335 1009 3400 accidere
1031 3358 1096 3400 non

95 3421 213 3503 possit,
247 3442 322 3484 nam
354 3421 422 3484 iure
455 3421 586 3485 exulant
571 3424 637 3486 tem
670 3422 828 3488 consolari
861 3443 928 3487 nou
961 3426 1096 3507 oportet.
1212 3428 1217 3441 ¹

95 3506 174 3572 Post
159 3511 278 3572 tremo
289 3508 329 3573 ad
353 3509 456 3575 omnis
479 3529 570 3575 casus
597 3509 827 3576 facillimat
776 3514 827 3574 rat
828 3509 860 3575 io
883 3514 934 3574 cst
955 3532 1073 3595 eorum,
1099 3523 1149 3574 ιιι
