2476 3848
469 188 709 253 -487-

89 367 127 410 ca
153 345 329 410 fortuitane
359 345 424 410 sint
453 367 496 410 an
522 367 559 412 eo
588 349 689 430 statu,
722 368 784 430 quo
808 347 976 413 cohaerere
998 350 1088 414 nullo

89 431 184 497 modo
213 432 378 517 potuerint
404 432 469 497 nisi
496 455 593 498 sensu
613 434 800 498 moderante
824 433 993 519 divinaque
1016 458 1089 520 pro·

88 519 240 584 videntia.
293 517 329 584 si
360 519 462 606 igitur
493 521 628 585 meliora
660 524 735 586 sunt
767 543 817 605 ea,
850 543 931 606 quae
961 526 1088 604 natura,

90 629 187 691 quarn
218 607 289 692 illa,
321 629 402 692 quae
434 611 504 673 arte
532 607 676 693 perlecta
703 611 791 691 sunt,
823 629 882 674 neo
909 631 961 674 ars
989 609 1088 673 efficit

91 695 261 779 quicquam
284 695 353 758 sine
375 695 509 779 ratione,
531 718 572 761 ne
593 699 712 760 natura
734 695 862 780 quidem
884 696 1019 760 rationis
1039 718 1089 760 ex·

88 804 164 867 pers
192 786 241 847 est
267 782 423 848 habenda.
469 782 531 859 Qui
556 783 658 869 igitur
684 783 846 867 convenit,
878 783 1006 868 signum
1033 786 1089 848 aut

90 870 238 947 tabulam
264 871 385 955 pictam
411 893 483 936 cum
511 871 686 956 aspexeris,
716 871 796 935 scire
819 871 1000 947 adhibitam
1020 892 1089 935 esse

91 961 208 1042 artem,
239 980 374 1042 cumque
405 959 517 1042 procul
549 980 678 1024 cursum
708 958 831 1044 navigii
861 959 994 1042 videris,
1024 962 1090 1023 non

91 1045 252 1129 dubitare,
282 1046 360 1128 quin
388 1045 420 1109 id
448 1046 573 1110 ratione
603 1050 699 1137 atque
723 1049 793 1110 arte
815 1051 996 1129 moveatur,
1025 1048 1090 1130 aut,
1181 1086 1185 1093 ·

91 1155 164 1197 oum
187 1133 342 1198 solarium
359 1132 411 1197 vel
430 1132 618 1217 discriptum
636 1134 689 1197 vel
707 1155 746 1198 ex
764 1155 849 1217 aqua
867 1133 1090 1217 contemplere,

90 1220 278 1305 intellegere
306 1220 463 1284 declarari
490 1220 588 1284 horas
616 1224 698 1304 arte,
725 1242 791 1285 non
818 1241 907 1305 casu,
936 1221 1090 1285 mundum

91 1310 215 1391 autem,
245 1307 301 1391 qui
329 1310 362 1370 et
390 1306 449 1370 has
476 1307 564 1391 ipsas
593 1310 679 1371 artes
706 1310 739 1370 et
762 1329 872 1371 earum
896 1308 1034 1371 artifices
1058 1311 1091 1371 et

91 1397 206 1458 cuncta
229 1394 458 1478 conplectatur,
481 1393 607 1458 consilii
630 1397 663 1458 et
684 1393 819 1459 rationis
839 1414 907 1456 esse
926 1397 1090 1477 expertem

90 1481 227 1565 putare?
259 1479 380 1555 Quodsi
397 1481 432 1546 in
449 1479 615 1564 Scythiam
633 1484 690 1545 aut
707 1481 742 1544 in
754 1479 959 1543 Britanniam
977 1479 1090 1564 sphae·
1108 1495 1143 1546 88

92 1589 163 1632 ram
181 1568 298 1652 aliquis
316 1568 429 1632 tulerit
446 1569 538 1652 hanc,
558 1590 655 1652 quam
671 1589 774 1652 nuper
791 1566 961 1631 familiaris
978 1569 1090 1631 noster

91 1656 196 1720 effecit
222 1655 427 1740 Posidonius,
459 1656 547 1720 cuius
580 1656 728 1741 singulae
755 1654 978 1719 conversiones
1004 1653 1090 1718 idem

91 1744 235 1808 efficiunt
261 1743 302 1807 in¹
322 1744 391 1808 sole
418 1747 451 1808 et
477 1743 512 1807 in
538 1744 616 1808 luna
643 1742 732 1807 etin
754 1741 893 1825 quinque
916 1741 1020 1805 stellis
1043 1763 1091 1806 er·

91 1832 253 1915 rantibus,
285 1831 371 1916 quod
403 1831 540 1896 efficitur
571 1831 606 1895 in
637 1831 726 1896 caelo
755 1829 889 1914 singulis
918 1828 1029 1893 diebus
1057 1831 1090 1893 et

90 1920 250 2002 noctibus,
264 1919 341 2070 puis
359 1919 394 1983 in
410 1920 470 1984 illa
487 1918 640 1984 barbaria
658 1918 791 2000 dubitet,
810 1915 888 2000 quin
901 1937 939 1981 ea
953 1915 1090 2000 sphaera

91 2007 135 2070 sit
161 2007 305 2090 perfeca
335 2007 482 2072 ratione?
527 2006 573 2072 Hi
600 2010 708 2071 autem
729 2004 879 2069 dubitant
902 2004 939 2067 de
962 2004 1090 2087 mundo,
1100 2006 1143 2072 35

91 2115 130 2158 ex
160 2116 223 2177 quo
253 2098 285 2157 et
314 2095 461 2159 oriuntur
489 2098 522 2159 et
548 2095 631 2159 fiunt
657 2093 778 2178 omnia,
809 2113 926 2157 casune
954 2091 1024 2175 ipse
1047 2091 1091 2155 sit

91 2182 223 2246 effectus
256 2185 312 2245 aut
342 2183 535 2247 necessitate
563 2183 672 2266 aliqua
699 2203 741 2246 an
767 2180 891 2245 ratione
920 2201 957 2244 ac
982 2182 1090 2243 mente

91 2268 211 2351 divina,
244 2271 276 2331 et
303 2267 529 2333 Archimedem
558 2270 757 2334 arbitrantur
788 2268 862 2352 plus
889 2266 1030 2331 valuisse
1056 2267 1091 2331 in

91 2354 255 2419 imitandis
283 2355 439 2439 sphaerae
466 2357 728 2421 conversionibus
756 2377 853 2440 quarn
879 2357 1029 2418 naturam
1056 2354 1091 2417 in

92 2442 279 2526 efficiendis,
311 2443 501 2526 praesertim
528 2466 600 2508 cum
627 2444 739 2508 multis
761 2443 912 2527 'partibus
941 2442 1007 2506 sint
1032 2441 1091 2505 illa

90 2530 233 2615 perfecta
265 2551 362 2613 quam
393 2530 472 2595 haec
504 2531 656 2595 simulata
683 2531 856 2596 sollertius
904 2528 1007 2613 Atqui
1034 2529 1090 2593 ille
1109 2551 1143 2601 89

92 2618 177 2702 apud
195 2617 330 2682 Accium
351 2621 473 2702 pastor,
496 2618 551 2702 qui
572 2639 688 2682 navem
707 2639 884 2701 numquam
904 2620 978 2681 ante
995 2616 1091 2681 vidis·

92 2709 151 2789 set,
173 2710 210 2770 ut
231 2706 343 2790 procul
367 2705 509 2770 divinum
533 2708 565 2770 et
586 2727 707 2770 novum
726 2705 908 2770 vehiculum
923 2704 1092 2789 Argonau-
1135 2770 1137 2774 ,

91 2796 199 2857 tarum
227 2815 244 2856 e
267 2796 376 2858 monte
399 2793 578 2878 conspexit,
602 2793 707 2878 primo
731 2793 894 2858 admirans
917 2794 950 2856 et
972 2795 1092 2876 perter—

92 2879 175 2944 ritus
197 2879 260 2944 hoc
283 2881 378 2946 modo
401 2881 556 2965 loquitur:

555 2969 820 3034 Tantamoles
843 2967 991 3032 labitur

133 3052 391 3120 Fremibdnda
410 3077 452 3120 ex
471 3056 553 3121 alto
571 3056 723 3142 ingenti
742 3055 871 3120 sonitu
888 3059 926 3119 et
941 3052 1092 3138 spiritu.

133 3140 229 3205 Prae
253 3163 291 3205 se
314 3142 434 3207 undas
457 3143 595 3228 volvit,
618 3143 787 3208 vertices
810 3144 848 3207 vi
871 3143 1051 3227 sdscitat,

134 3227 226 3293 Ruit
247 3231 445 3314 prolapsa,
467 3230 628 3316 pelagus
651 3229 862 3316 respergit,
884 3230 1012 3294 reflat.

133 3316 195 3381 Ita
213 3316 298 3380 dum
315 3316 576 3402 interruptum
595 3318 727 3383 credas
744 3318 916 3383 nimbum
930 3317 1094 3403 vdlvier,

133 3403 229 3470 Dum
252 3406 351 3488 qudd
374 3405 540 3470 sublime
563 3405 690 3470 ventis
715 3407 913 3491 expulerim
936 3404 1022 3488 rapi

134 3489 272 3557 Saxum
295 3496 359 3558 avit
381 3494 582 3579 procellis,
603 3495 664 3559 vel
687 3494 870 3581 globosos
894 3491 1071 3556 tdrbines
