2476 3848
472 182 710 246 -441-

89 336 260 402 dicandum
293 340 326 401 et
355 359 433 420 prae
465 359 499 401 se
530 338 695 402 ferendum
723 338 774 401 sit.
826 336 949 413 Quibus
977 337 1095 419 positis
1182 367 1183 370 ¹

89 425 252 509 intellegis
275 424 352 508 quid
370 427 534 508 sequetun3
558 429 591 489 et
613 425 754 509 quidem,
776 424 840 490 nisi
858 446 897 488 ea
915 424 983 488 vita
1001 425 1097 489 beata

90 516 151 596 est,
181 535 261 596 quac
288 515 338 576 est
364 512 476 577 eadem
510 511 659 595 honesta,
691 511 735 575 sit
767 512 854 576 aliud
884 532 1013 576 necesse
1045 517 1095 576 est

90 600 204 664 melius
234 601 301 664 vita
331 599 441 682 beata,
477 600 562 684 quod
593 600 656 663 erit
682 599 768 663 enim
795 599 978 678 honestum,
1010 603 1095 664 certe
1167 649 1171 656 .

90 688 279 752 fatebuntur
309 709 379 752 esse
409 687 533 752 melius.
584 686 637 751 Ita
666 688 727 751 erit
755 686 852 752 beata
880 687 948 752 vita
980 687 1095 751 melius

91 775 228 860 aliquid3
251 796 313 858 quo
337 774 415 857 quid
436 778 546 857 potest
569 774 632 839 dici
655 774 858 858 perversius?
895 773 1000 851 Quid?
1024 796 1096 839 cum

89 864 234 927 fatentur
252 863 332 927 satis
358 882 510 946 magnam
533 863 599 926 vim
622 883 692 927 esse
714 862 749 926 in
772 862 858 927 vitiis
882 862 922 926 ad
945 863 1096 926 miseram

90 952 206 1034 vitam,
225 971 331 1015 nonne
349 949 514 1014 fatendum
534 955 584 1015 est
602 950 735 1015 eandem
753 951 819 1015 vim
836 951 872 1014 ia
890 950 1008 1014 virtute
1027 971 1097 1014 esse

91 1038 131 1102 ad
154 1039 283 1102 beatam
305 1036 428 1102 vitam?
465 1035 707 1103 Contrariorum
730 1038 814 1102 enim
838 1038 999 1102 contraria
1022 1041 1098 1102 sunt

91 1125 326 1208 consequentia.
381 1124 451 1201 Quo
483 1125 553 1191 loco
586 1146 721 1210 quaero,
752 1146 848 1209 quam
880 1126 946 1190 vim
978 1124 1148 1190 habeatur

90 1213 175 1277 libra
196 1213 256 1277 illa
278 1209 428 1294 Critolai,
455 1212 510 1295 qui
533 1233 605 1277 cum
631 1213 667 1276 in
689 1213 825 1277 alteram
848 1213 975 1277 lancem
998 1213 1098 1278 animi

90 1301 177 1365 bona
199 1301 358 1383 imponat,
381 1300 415 1363 in
433 1300 568 1365 alteram
587 1301 730 1382 corporis
749 1303 783 1364 et
801 1303 946 1383 externa,
969 1305 1097 1365 tantum

90 1387 288 1471 propendere
315 1386 405 1452 illam
433 1387 524 1468 [boni
551 1387 690 1467 lencem]
718 1390 821 1469 putet,
849 1392 886 1451 ut
912 1391 1033 1452 terram
1064 1391 1097 1452 et

91 1476 194 1539 maria
218 1475 385 1558 deprimat.

158 1561 242 1638 Quid
256 1582 333 1646 ergo
353 1565 410 1626 aut
426 1562 512 1627 hunc
531 1561 682 1645 prohibet
700 1563 756 1624 aut
769 1561 869 1625 etiam
881 1561 1096 1626 Xenocratem
1110 1556 1149 1620 18

91 1650 183 1714 illum
206 1650 435 1734 gravissimum
458 1649 736 1733 philosophorum,
759 1652 1008 1733 exaggerantem
1025 1653 1096 1713 tan-

91 1742 202 1821 topere
221 1738 386 1821 virtutem,
409 1740 635 1802 extenuantem
653 1741 760 1800 cetera
783 1740 816 1800 et
839 1736 1040 1820 abicientem,
1063 1737 1097 1800 in

91 1825 211 1890 virtute
238 1847 303 1890 non
329 1825 459 1890 beatam
482 1825 576 1889 modo
599 1825 713 1906 vitam,
740 1825 795 1889 sed
823 1825 921 1888 etiam
948 1825 1096 1888 beatissi-

92 1936 179 1978 mam
202 1911 345 1998 ponere?
368 1914 454 1996 quod
472 1913 600 1997 quidem
618 1912 683 1976 nisi
702 1913 752 1995 fit,
776 1912 931 1976 virtutum
949 1912 1097 1976 interitus

93 2005 313 2085 consequetur.
344 1999 431 2065 Nam
448 2001 484 2066 in
502 2023 596 2086 quem
613 2001 698 2065 eadit
716 2001 892 2084 aegritudo,
910 2000 944 2063 in
961 2000 1097 2064 eundem
1116 2019 1149 2068 52

92 2093 214 2151 metum
247 2088 358 2152 cadere
390 2110 520 2153 necesse
552 2092 613 2171 est,
646 2092 695 2152 est
722 2090 808 2152 enim
838 2091 941 2152 metus
971 2088 1099 2153 futurae

93 2175 303 2258 aegritudinis
350 2175 490 2239 sollicita
531 2176 740 2261 exspectatio,
781 2177 817 2240 in
857 2198 950 2260 quem
992 2181 1099 2240 autem

93 2265 211 2344 metus,
233 2261 267 2324 in
291 2261 425 2325 eundem
446 2261 600 2343 formido,
622 2263 793 2346 timiditas,
816 2286 931 2347 pavor,
954 2264 1099 2348 ignavia;

94 2369 184 2433 ergo,
207 2351 243 2413 ut
260 2347 346 2411 idem
364 2349 510 2412 vincatur
527 2349 688 2412 interdum
707 2371 766 2414 nec
787 2354 879 2433 putet
898 2350 938 2414 ad
956 2371 990 2414 se
1008 2372 1098 2433 prae·

94 2440 222 2520 ceptum
244 2435 326 2500 illud
348 2434 441 2500 Atrei
464 2436 636 2518 pertinere:

180 2559 344 2625 Proinde
380 2555 436 2622 ita
471 2561 609 2641 parent
645 2579 684 2621 se
719 2558 761 2620 in
796 2556 889 2640 vita,
928 2562 965 2621 ut
997 2557 1099 2622 vinci

825 2645 1010 2709 nesciant.

94 2787 157 2851 Hic
185 2790 293 2852 autem
316 2786 475 2869 vincetur,
502 2788 539 2850 ut
562 2785 638 2864 dixi,
664 2805 723 2848 nec
747 2784 841 2849 modo
865 2784 1021 2866 vincetur,
1044 2784 1101 2848 sed

96 2876 194 2938 etiam
217 2875 346 2957 serviet3
374 2875 409 2939 at
435 2894 495 2937 nos
521 2873 674 2937 virtutem
698 2894 823 2955 semper
848 2870 985 2935 liberam
1011 2871 1100 2936 volu·

94 2983 179 3044 mus,
203 2983 330 3044 semper
352 2962 520 3044 invictam,
544 2982 624 3043 quae
647 2960 711 3024 nisi
734 2964 822 3043 sunt,
846 2958 974 3023 sublata
996 2959 1099 3024 virtus

95 3052 152 3112 est.
197 3047 305 3132 Atque
334 3048 362 3112 si
388 3049 424 3111 in
446 3049 564 3113 virtute
593 3049 673 3112 satis
697 3050 747 3112 est
773 3046 927 3130 praesidii
950 3047 991 3111 ad
1017 3047 1099 3112 bene
1119 3067 1152 3115 53

94 3136 277 3212 vivendum,
307 3135 386 3198 satis
416 3139 467 3199 est
496 3135 594 3199 etiam
622 3136 662 3200 ad
691 3135 799 3218 beate;
829 3133 909 3199 satis
938 3138 987 3199 est
1014 3136 1100 3199 enim

94 3227 181 3288 certe
199 3224 234 3286 in
253 3222 385 3306 virtute,
407 3225 444 3286 ut
461 3222 591 3287 fortiter
609 3223 767 3307 vivamus3
791 3224 819 3287 si
838 3222 978 3307 fortiter,
1001 3225 1101 3287 etiam

93 3316 131 3376 ut
162 3331 280 3395 magno
313 3311 438 3392 animo,
471 3314 504 3374 et
535 3310 662 3394 quidem
694 3315 731 3375 ut
761 3311 852 3376 nulla
883 3332 917 3374 re
949 3332 1101 3394 umquam

94 3404 272 3464 terreamur
290 3419 478 3481 semperque
498 3399 598 3462 simus
621 3399 743 3464 invicti.
780 3396 942 3482 Sequitur,
965 3403 1002 3463 ut
1018 3420 1040 3462 n

93 3489 270 3572 paeniteat,
296 3485 380 3550 nihil
408 3485 504 3570 desit,
530 3485 615 3550 nihil
637 3485 758 3571 obstet;
786 3507 864 3572 ergo
893 3485 1002 3550 omnia
1027 3395 1158 3630 pv
