2476 3848
530 124 595 229 -.·‡
618 158 682 224 518
728 194 771 206 -

152 320 335 402 voluptates
363 318 492 382 effluere
519 319 664 401 patiatur
691 339 864 402 earumque
896 318 1025 384 assidua
1055 341 1163 386 recor-

154 406 283 472 datione
300 406 452 488 laetetur,
470 405 545 491 quid
563 408 627 488 est,
645 405 730 489 quod
747 405 811 470 huc
828 406 947 489 possit,
964 428 1026 490 quo
1043 408 1162 473 melius

153 495 210 577 sit,
233 493 403 559 accedere?
439 491 551 558 Statue
570 496 684 558 contra
701 493 841 576 aliquem
859 493 1040 559 confectum
1058 497 1162 561 tantis

153 581 254 646 animi
267 582 475 665 corporisque
489 581 664 663 doloribus,
678 581 791 665 quanti
804 582 840 644 in
853 581 1016 646 hominem
1027 584 1164 649 maximi

153 670 266 734 cadere
298 672 449 752 possunt,
478 668 569 732 nulla
595 689 652 751 spe
679 669 846 752 proposita
871 669 941 734 fore
968 670 1070 734 levius
1101 672 1163 736 ali·

152 757 289 841 quando,
306 757 397 821 nulla
414 760 581 839 praeterea
598 777 700 840 neque
718 757 882 839 praesenti
898 778 958 821 nec
975 761 1163 841 exspectata

151 846 333 928 voluptate,
365 843 444 927 quid
476 865 514 908 eo
546 843 694 908 miserius
726 844 790 908 dici
824 847 881 908 aut
911 845 992 929 fingi
1027 847 1162 928 potest?

153 932 274 1009 Quodsi
300 932 370 996 vita
405 930 569 996 doloribus
597 931 718 996 referta
745 932 884 995 maxime
915 932 1070 1016 fugienda
1101 937 1163 1018 est,

153 1040 314 1084 summum
335 1019 481 1102 profecto
504 1020 626 1083 malum
654 1023 704 1083 est
725 1019 832 1084 vivere
856 1042 929 1085 cum
957 1020 1080 1105 dolore3
1108 1023 1163 1086 cui

153 1107 331 1171 sententiae
359 1111 608 1172 consentaneum
639 1110 689 1171 est
720 1107 871 1172 ultimum
898 1129 968 1172 esse
1000 1108 1162 1174 bonorum

152 1217 226 1260 cum
248 1194 415 1277 voluptate
436 1196 552 1259 vivere.
600 1193 670 1259 Nec
697 1194 782 1259 enim
811 1195 911 1259 habet
933 1199 1045 1260 nostra
1067 1217 1161 1262 mens

153 1282 336 1366 quicquam,
363 1282 420 1345 ubi
442 1283 599 1348 consistat
616 1285 783 1367 tamquam
801 1283 836 1345 in
855 1285 1011 1366 extremo,
1034 1305 1162 1348 omnes-

152 1373 269 1454 queat
292 1373 398 1434 metus
426 1373 459 1434 et
485 1370 702 1454 aegritudines
731 1369 771 1434 ad
801 1369 944 1434 dolorem
966 1370 1161 1457 referuntur,

151 1479 211 1522 nec
232 1461 401 1541 praeterea
423 1460 473 1521 est
494 1479 545 1522 res
568 1458 650 1542 ulla,
673 1479 754 1541 quae
778 1479 837 1522 sua
854 1461 971 1523 natura
994 1462 1050 1523 aut
1073 1461 1162 1525 solli-

99 1546 252 1610 excitare
278 1545 383 1629 possit
410 1547 467 1609 aut
494 1565 620 1629 angere.
668 1544 842 1609 Praeterea
869 1548 901 1608 et
931 1547 1104 1629 appetendi
1128 1552 1163 1613 et

153 1632 331 1717 refugiendi
363 1636 396 1697 et
427 1633 556 1698 omnino
584 1654 690 1696 rerum
718 1632 932 1716 gerendarum
960 1634 1054 1698 initia
1085 1656 1161 1717 pro-

151 1721 337 1787 ficiscuntur
365 1724 421 1785 aut
443 1743 463 1785 a
485 1720 650 1803 voluptate
678 1724 735 1784 aut
761 1742 781 1783 a
808 1719 926 1785 dolore.
971 1719 1064 1796 Quod
1087 1744 1162 1787 cum

152 1808 200 1874 ita
222 1809 278 1886 sit,
301 1809 504 1892 perspicuum
527 1811 578 1871 est
600 1807 704 1873 omnis
733 1811 838 1871 rectas
859 1829 910 1872 res
929 1811 1027 1892 atque
1049 1808 1159 1873 lauda-

151 1895 228 1960 bilis
259 1918 295 1961 eo
318 1896 444 1974 referri,
474 1898 511 1959 ut
533 1916 606 1959 cum
626 1895 794 1978 voluptate
817 1895 953 1960 vivatur.
999 1894 1161 1971 Quoniam

152 1987 261 2048 autem
283 1983 317 2047 id
339 1987 389 2047 est
411 1982 462 2047 vel
485 2003 643 2047 summum
661 1982 713 2046 vel
736 1981 887 2046 ultimum
909 1983 961 2047 vel
980 1986 1160 2048 extremum

151 2071 309 2135 bonorum
334 2068 433 2154 (quod
461 2067 575 2133 Graeci
600 2067 693 2145 τέλος
719 2067 914 2156 nominant),
942 2071 1027 2154 quod
1051 2071 1160 2154 ipsum

151 2157 274 2222 nullam
306 2157 346 2221 ad
378 2157 475 2220 aliam
507 2177 590 2239 rem,
623 2157 663 2220 ad
694 2156 727 2221 id
755 2160 863 2221 autem
894 2179 945 2221 res
977 2157 1161 2223 referuntur

153 2265 277 2346 omnes,
307 2243 474 2331 fatendum
506 2247 555 2308 est
586 2265 748 2309 summum
779 2266 848 2309 esse
875 2245 996 2310 bonum
1023 2246 1160 2312 iucunde

152 2353 268 2399 v1vere.

101 2427 143 2492 13
217 2419 255 2484 Id
278 2420 333 2504 qui
355 2420 390 2484 in
407 2441 471 2484 una
489 2419 608 2484 virtute
625 2422 750 2503 ponunt
770 2422 803 2483 et
826 2420 995 2503 splendore
1016 2420 1160 2486 nominis

152 2508 252 2591 capti,
279 2506 357 2591 quid
383 2510 498 2571 natura
531 2508 687 2591 postulet,
714 2528 781 2572 non
811 2508 1018 2592 intellegunt,
1051 2529 1159 2573 errore

151 2596 306 2677 maximo,
334 2595 361 2659 si
384 2593 561 2678 Epicurum
588 2594 697 2659 audire
726 2595 899 2678 voluerint,
925 2595 1160 2661 liberabuntur.

150 2683 238 2747 Istae
266 2683 351 2746 enim
377 2686 503 2748 vestrae
531 2683 665 2747 eximiae
692 2683 907 2766 pulchraeque
935 2682 1071 2746 virtutes
1093 2683 1160 2747 nisi

150 2771 351 2854 voluptatem
375 2771 549 2854 efficerent,
577 2771 647 2854 quis
671 2792 725 2834 eas
749 2773 805 2834 aut
827 2769 1000 2834 laudabilis
1025 2772 1082 2834 aut
1105 2791 1159 2835 ex-

149 2858 305 2941 petendas
329 2858 563 2923 arbitraretur?
600 2856 646 2921 Ut
665 2858 750 2921 enim
768 2857 964 2922 medicorum
989 2857 1159 2923 scientiam

149 2967 216 3010 non
238 2945 341 3029 ipsius
364 2946 457 3027 artis,
484 2945 540 3010 sed
566 2945 671 3010 bonae
698 2944 889 3009 valetudinis
918 2965 1016 3009 causa
1041 2944 1159 3028 proba·

149 3033 526 3203 ttrtffttllttfflzl
541 3031 1160 3205 tt‘lttltss‘tlttssldtjttt

150 3228 202 3270 ars
233 3206 360 3271 vivendi
392 3208 536 3291 putanda
567 3211 630 3291 est,
666 3229 733 3272 non
765 3211 978 3290 expeteretur,
1014 3208 1043 3273 si
1074 3207 1160 3273 nihil

150 3293 304 3378 efficeret3
335 3316 420 3360 nuuc
448 3297 622 3379 expetitur,
654 3295 740 3378 quod
767 3300 818 3359 est
843 3299 1011 3379 tamquam
1040 3295 1159 3361 artifex

189 3381 384 3466 nquirendae
398 3386 432 3446 et
445 3383 679 3466 comparandae
693 3383 879 3466 voluptatis.
912 3382 1031 3468 (Quam
1048 3386 1159 3448 autem

65 3390 209 3616 5⁰
237 3471 342 3536 dicam
368 3470 583 3556 voluptatem,
605 3472 672 3534 iam
694 3470 825 3556 videtis,
852 3491 893 3535 ne
916 3471 1037 3535 invidia
1065 3471 1160 3536 verbi
