<?xml version="1.0" encoding="UTF-8"?>
<!DOCTYPE html PUBLIC "-//W3C//DTD XHTML 1.0 Transitional//EN"
    "http://www.w3.org/TR/xhtml1/DTD/xhtml1-transitional.dtd">
<html xmlns="http://www.w3.org/1999/xhtml" xml:lang="en" lang="en">
 <head>
  <title>
</title>
<meta http-equiv="Content-Type" content="text/html;charset=utf-8" />
  <meta name='ocr-system' content='tesseract 3.04.00' />
  <meta name='ocr-capabilities' content='ocr_page ocr_carea ocr_par ocr_line ocrx_word'/>
</head>
<body>
  <div class='ocr_page' id='page_1' title='image "./cicerosphilosop01cicegoog_0271.png"; bbox 0 0 2476 3848; ppageno 0'>
   <div class='ocr_carea' id='block_1_1' title="bbox 551 166 836 232">
    <p class='ocr_par' dir='ltr' id='par_1_1' title="bbox 551 166 836 232">
     <span class='ocr_line' id='line_1_1' title="bbox 551 166 836 232; baseline 0 -3"><span class='ocrx_word' id='word_1_1' title='bbox 551 166 836 232; x_wconf 75' lang='lat'>-254-.</span> 
     </span>
    </p>
   </div>
   <div class='ocr_carea' id='block_1_2' title="bbox 41 325 1195 3041">
    <p class='ocr_par' dir='ltr' id='par_1_2' title="bbox 41 325 1195 3041">
     <span class='ocr_line' id='line_1_2' title="bbox 164 325 1173 416; baseline 0 -23"><span class='ocrx_word' id='word_1_2' title='bbox 164 329 192 394; x_wconf 92' lang='lat' dir='ltr'><strong>si</strong></span> <span class='ocrx_word' id='word_1_3' title='bbox 206 328 345 415; x_wconf 89' lang='lat' dir='ltr'><strong>speciem</strong></span> <span class='ocrx_word' id='word_1_4' title='bbox 364 327 519 392; x_wconf 91' lang='lat' dir='ltr'><strong>utilitatis</strong></span> <span class='ocrx_word' id='word_1_5' title='bbox 537 325 784 416; x_wconf 79' lang='lat' dir='ltr'>opinionemque</span> <span class='ocrx_word' id='word_1_6' title='bbox 804 325 997 410; x_wconf 82' lang='lat' dir='ltr'><strong>quaerimus,</strong></span> <span class='ocrx_word' id='word_1_7' title='bbox 1014 338 1173 414; x_wconf 83' lang='lat' dir='ltr'><strong>&#39;magnum</strong></span> 
     </span>
     <span class='ocr_line' id='line_1_3' title="bbox 163 414 1174 501; baseline 0 -20"><span class='ocrx_word' id='word_1_8' title='bbox 163 417 245 482; x_wconf 89' lang='lat' dir='ltr'><strong>illud</strong></span> <span class='ocrx_word' id='word_1_9' title='bbox 263 417 387 481; x_wconf 91' lang='lat' dir='ltr'><strong>bellum</strong></span> <span class='ocrx_word' id='word_1_10' title='bbox 404 415 542 501; x_wconf 84' lang='lat' dir='ltr'><strong>perfuga</strong></span> <span class='ocrx_word' id='word_1_11' title='bbox 559 435 641 478; x_wconf 92' lang='lat' dir='ltr'><strong>unus</strong></span> <span class='ocrx_word' id='word_1_12' title='bbox 662 417 694 478; x_wconf 93' lang='lat' dir='ltr'><strong>et</strong></span> <span class='ocrx_word' id='word_1_13' title='bbox 713 435 846 499; x_wconf 80' lang='lat' dir='ltr'><strong>gravem</strong></span> <span class='ocrx_word' id='word_1_14' title='bbox 869 414 1090 479; x_wconf 88' lang='lat' dir='ltr'><strong>adversarium</strong></span> <span class='ocrx_word' id='word_1_15' title='bbox 1114 415 1174 482; x_wconf 91' lang='lat' dir='ltr'><strong>im·</strong></span> 
     </span>
     <span class='ocr_line' id='line_1_4' title="bbox 163 501 1173 590; baseline 0 -22"><span class='ocrx_word' id='word_1_16' title='bbox 163 504 246 590; x_wconf 89' lang='lat' dir='ltr'><strong>perii</strong></span> <span class='ocrx_word' id='word_1_17' title='bbox 278 504 477 586; x_wconf 76' lang='lat' dir='ltr'><strong>sustulisset,</strong></span> <span class='ocrx_word' id='word_1_18' title='bbox 509 503 565 566; x_wconf 93' lang='lat' dir='ltr'><strong>sed</strong></span> <span class='ocrx_word' id='word_1_19' title='bbox 594 523 749 587; x_wconf 81' lang='lat' dir='ltr'><strong>magnum</strong></span> <span class='ocrx_word' id='word_1_20' title='bbox 776 501 911 566; x_wconf 80' lang='lat' dir='ltr'><strong>dedecus</strong></span> <span class='ocrx_word' id='word_1_21' title='bbox 940 505 972 567; x_wconf 90' lang='lat' dir='ltr'><strong>et</strong></span> <span class='ocrx_word' id='word_1_22' title='bbox 999 502 1173 588; x_wconf 86' lang='lat' dir='ltr'><strong>flagitium,</strong></span> 
     </span>
     <span class='ocr_line' id='line_1_5' title="bbox 164 588 1173 676; baseline 0 -20"><span class='ocrx_word' id='word_1_23' title='bbox 164 593 292 676; x_wconf 83' lang='lat' dir='ltr'><strong>quicum</strong></span> <span class='ocrx_word' id='word_1_24' title='bbox 314 591 419 656; x_wconf 91' lang='lat' dir='ltr'><strong>laudis</strong></span> <span class='ocrx_word' id='word_1_25' title='bbox 443 595 606 656; x_wconf 90' lang='lat' dir='ltr'><strong>certamen</strong></span> <span class='ocrx_word' id='word_1_26' title='bbox 627 588 752 672; x_wconf 87' lang='lat' dir='ltr'><strong>fuisset,</strong></span> <span class='ocrx_word' id='word_1_27' title='bbox 778 611 851 654; x_wconf 90' lang='lat' dir='ltr'><strong>eum</strong></span> <span class='ocrx_word' id='word_1_28' title='bbox 873 610 940 653; x_wconf 91' lang='lat' dir='ltr'><strong>non</strong></span> <span class='ocrx_word' id='word_1_29' title='bbox 961 589 1092 675; x_wconf 88' lang='lat' dir='ltr'><strong>virtute,</strong></span> <span class='ocrx_word' id='word_1_30' title='bbox 1116 592 1173 656; x_wconf 90' lang='lat' dir='ltr'><strong>sed</strong></span> 
     </span>
     <span class='ocr_line' id='line_1_6' title="bbox 111 675 1172 764; baseline -0.002 -18"><span class='ocrx_word' id='word_1_31' title='bbox 111 681 284 746; x_wconf 76' lang='grc'>818881818</span> <span class='ocrx_word' id='word_1_32' title='bbox 307 682 503 763; x_wconf 89' lang='lat' dir='ltr'><strong>superatum.</strong></span> <span class='ocrx_word' id='word_1_33' title='bbox 539 677 658 742; x_wconf 80' lang='lat' dir='ltr'><strong>Utrum</strong></span> <span class='ocrx_word' id='word_1_34' title='bbox 681 677 783 762; x_wconf 85' lang='lat' dir='ltr'><strong>igitur</strong></span> <span class='ocrx_word' id='word_1_35' title='bbox 805 677 918 741; x_wconf 92' lang='lat' dir='ltr'><strong>utilius</strong></span> <span class='ocrx_word' id='word_1_36' title='bbox 941 678 993 742; x_wconf 88' lang='lat' dir='ltr'><strong>vel</strong></span> <span class='ocrx_word' id='word_1_37' title='bbox 1012 675 1172 764; x_wconf 79' lang='lat' dir='ltr'><strong>Fabricio,</strong></span> 
     </span>
     <span class='ocr_line' id='line_1_7' title="bbox 165 763 1172 851; baseline 0.001 -20"><span class='ocrx_word' id='word_1_38' title='bbox 165 768 220 851; x_wconf 89' lang='lat' dir='ltr'><strong>qui</strong></span> <span class='ocrx_word' id='word_1_39' title='bbox 242 767 319 831; x_wconf 88' lang='lat' dir='ltr'><strong>talis</strong></span> <span class='ocrx_word' id='word_1_40' title='bbox 341 768 376 830; x_wconf 94' lang='lat' dir='ltr'><strong>in</strong></span> <span class='ocrx_word' id='word_1_41' title='bbox 398 766 459 831; x_wconf 90' lang='lat' dir='ltr'><strong>hac</strong></span> <span class='ocrx_word' id='word_1_42' title='bbox 481 766 575 849; x_wconf 91' lang='lat' dir='ltr'><strong>urbe,</strong></span> <span class='ocrx_word' id='word_1_43' title='bbox 605 765 710 848; x_wconf 89' lang='lat' dir='ltr'><strong>qualis</strong></span> <span class='ocrx_word' id='word_1_44' title='bbox 734 763 895 829; x_wconf 83' lang='lat' dir='ltr'><strong>Aristides</strong></span> <span class='ocrx_word' id='word_1_45' title='bbox 918 763 1072 850; x_wconf 86' lang='lat' dir='ltr'><strong>Athenis,</strong></span> <span class='ocrx_word' id='word_1_46' title='bbox 1099 766 1172 851; x_wconf 86' lang='lat' dir='ltr'><strong>fuit,</strong></span> 
     </span>
     <span class='ocr_line' id='line_1_8' title="bbox 41 852 1173 940; baseline -0.001 -21"><span class='ocrx_word' id='word_1_47' title='bbox 41 900 44 904; x_wconf 74' lang='lat'><strong>,</strong></span> <span class='ocrx_word' id='word_1_48' title='bbox 163 856 216 919; x_wconf 86' lang='lat' dir='ltr'><strong>vel</strong></span> <span class='ocrx_word' id='word_1_49' title='bbox 240 854 366 918; x_wconf 87' lang='lat' dir='ltr'><strong>senatui</strong></span> <span class='ocrx_word' id='word_1_50' title='bbox 388 857 515 936; x_wconf 87' lang='lat' dir='ltr'><strong>nostro,</strong></span> <span class='ocrx_word' id='word_1_51' title='bbox 545 853 601 936; x_wconf 94' lang='lat' dir='ltr'><strong>qui</strong></span> <span class='ocrx_word' id='word_1_52' title='bbox 622 874 801 936; x_wconf 82' lang='lat' dir='ltr'><strong>numquam</strong></span> <span class='ocrx_word' id='word_1_53' title='bbox 823 852 1002 917; x_wconf 81' lang='lat' dir='ltr'><strong>utilitatem</strong></span> <span class='ocrx_word' id='word_1_54' title='bbox 1026 854 1173 940; x_wconf 61' lang='grc'>88118111-</span> 
     </span>
     <span class='ocr_line' id='line_1_9' title="bbox 163 940 1172 1024; baseline 0.004 -20"><span class='ocrx_word' id='word_1_55' title='bbox 163 945 232 1005; x_wconf 85' lang='lat' dir='ltr'><strong>tate</strong></span> <span class='ocrx_word' id='word_1_56' title='bbox 261 941 412 1024; x_wconf 82' lang='lat' dir='ltr'><strong>seiunxit,</strong></span> <span class='ocrx_word' id='word_1_57' title='bbox 445 940 543 1004; x_wconf 89' lang='lat' dir='ltr'><strong>armis</strong></span> <span class='ocrx_word' id='word_1_58' title='bbox 572 962 643 1005; x_wconf 92' lang='lat' dir='ltr'><strong>cum</strong></span> <span class='ocrx_word' id='word_1_59' title='bbox 671 940 766 1006; x_wconf 91' lang='lat' dir='ltr'><strong>hoste</strong></span> <span class='ocrx_word' id='word_1_60' title='bbox 794 944 918 1005; x_wconf 89' lang='lat' dir='ltr'><strong>certare</strong></span> <span class='ocrx_word' id='word_1_61' title='bbox 946 962 989 1005; x_wconf 89' lang='lat' dir='ltr'><strong>an</strong></span> <span class='ocrx_word' id='word_1_62' title='bbox 1015 942 1172 1008; x_wconf 84' lang='lat' dir='ltr'><strong>venenis?</strong></span> 
     </span>
     <span class='ocr_line' id='line_1_10' title="bbox 164 1027 1171 1113; baseline 0.002 -21"><span class='ocrx_word' id='word_1_63' title='bbox 164 1027 199 1092; x_wconf 80' lang='lat' dir='ltr'><strong>si</strong></span> <span class='ocrx_word' id='word_1_64' title='bbox 231 1028 354 1113; x_wconf 84' lang='lat' dir='ltr'><strong>gloriae</strong></span> <span class='ocrx_word' id='word_1_65' title='bbox 387 1049 484 1093; x_wconf 90' lang='lat' dir='ltr'><strong>causa</strong></span> <span class='ocrx_word' id='word_1_66' title='bbox 514 1028 685 1112; x_wconf 90' lang='lat' dir='ltr'><strong>imperium</strong></span> <span class='ocrx_word' id='word_1_67' title='bbox 717 1029 933 1112; x_wconf 79' lang='lat' dir='ltr'><strong>expetendum</strong></span> <span class='ocrx_word' id='word_1_68' title='bbox 965 1032 1028 1112; x_wconf 88' lang='lat' dir='ltr'><strong>est,</strong></span> <span class='ocrx_word' id='word_1_69' title='bbox 1066 1031 1171 1094; x_wconf 85' lang='lat' dir='ltr'><strong>scelus</strong></span> 
     </span>
     <span class='ocr_line' id='line_1_11' title="bbox 165 1115 1170 1203; baseline 0.003 -23"><span class='ocrx_word' id='word_1_70' title='bbox 165 1115 265 1199; x_wconf 91' lang='lat' dir='ltr'><strong>absit,</strong></span> <span class='ocrx_word' id='word_1_71' title='bbox 291 1115 326 1179; x_wconf 92' lang='lat' dir='ltr'><strong>in</strong></span> <span class='ocrx_word' id='word_1_72' title='bbox 350 1137 412 1199; x_wconf 90' lang='lat' dir='ltr'><strong>quo</strong></span> <span class='ocrx_word' id='word_1_73' title='bbox 435 1137 500 1180; x_wconf 92' lang='lat' dir='ltr'><strong>non</strong></span> <span class='ocrx_word' id='word_1_74' title='bbox 522 1119 631 1200; x_wconf 91' lang='lat' dir='ltr'><strong>potest</strong></span> <span class='ocrx_word' id='word_1_75' title='bbox 655 1137 724 1180; x_wconf 90' lang='lat' dir='ltr'><strong>esse</strong></span> <span class='ocrx_word' id='word_1_76' title='bbox 747 1115 865 1200; x_wconf 81' lang='lat' dir='ltr'><strong>gloria3</strong></span> <span class='ocrx_word' id='word_1_77' title='bbox 895 1116 946 1179; x_wconf 90' lang='lat' dir='ltr'><strong>sin</strong></span> <span class='ocrx_word' id='word_1_78' title='bbox 972 1115 1064 1201; x_wconf 89' lang='lat' dir='ltr'><strong>ipsae</strong></span> <span class='ocrx_word' id='word_1_79' title='bbox 1092 1140 1170 1203; x_wconf 90' lang='lat' dir='ltr'><strong>opes</strong></span> 
     </span>
     <span class='ocr_line' id='line_1_12' title="bbox 165 1204 1171 1288; baseline 0.003 -21"><span class='ocrx_word' id='word_1_80' title='bbox 165 1207 358 1287; x_wconf 85' lang='lat' dir='ltr'><strong>expetuntur</strong></span> <span class='ocrx_word' id='word_1_81' title='bbox 386 1225 513 1288; x_wconf 91' lang='lat' dir='ltr'><strong>quoquo</strong></span> <span class='ocrx_word' id='word_1_82' title='bbox 549 1204 657 1288; x_wconf 89' lang='lat' dir='ltr'><strong>modo,</strong></span> <span class='ocrx_word' id='word_1_83' title='bbox 688 1224 754 1268; x_wconf 95' lang='lat' dir='ltr'><strong>non</strong></span> <span class='ocrx_word' id='word_1_84' title='bbox 784 1207 938 1288; x_wconf 90' lang='lat' dir='ltr'><strong>poterunt</strong></span> <span class='ocrx_word' id='word_1_85' title='bbox 969 1204 1068 1269; x_wconf 91' lang='lat' dir='ltr'><strong>utiles</strong></span> <span class='ocrx_word' id='word_1_86' title='bbox 1101 1227 1171 1270; x_wconf 90' lang='lat' dir='ltr'><strong>esse</strong></span> 
     </span>
     <span class='ocr_line' id='line_1_13' title="bbox 164 1290 1171 1377; baseline 0.002 -21"><span class='ocrx_word' id='word_1_87' title='bbox 164 1314 237 1356; x_wconf 89' lang='lat' dir='ltr'><strong>eum</strong></span> <span class='ocrx_word' id='word_1_88' title='bbox 259 1291 402 1356; x_wconf 86' lang='lat' dir='ltr'><strong>infamia.</strong></span> <span class='ocrx_word' id='word_1_89' title='bbox 446 1290 522 1356; x_wconf 91' lang='lat' dir='ltr'><strong>Non</strong></span> <span class='ocrx_word' id='word_1_90' title='bbox 543 1291 645 1376; x_wconf 86' lang='lat' dir='ltr'><strong>igitur</strong></span> <span class='ocrx_word' id='word_1_91' title='bbox 667 1290 757 1354; x_wconf 91' lang='lat' dir='ltr'><strong>utilis</strong></span> <span class='ocrx_word' id='word_1_92' title='bbox 780 1291 841 1355; x_wconf 89' lang='grc'>1118</span> <span class='ocrx_word' id='word_1_93' title='bbox 862 1291 897 1355; x_wconf 89' lang='lat' dir='ltr'><strong>L.</strong></span> <span class='ocrx_word' id='word_1_94' title='bbox 919 1290 1066 1377; x_wconf 92' lang='lat' dir='ltr'><strong>Philippi</strong></span> <span class='ocrx_word' id='word_1_95' title='bbox 1089 1291 1126 1369; x_wconf 86' lang='lat' dir='ltr'><strong>Q.</strong></span> <span class='ocrx_word' id='word_1_96' title='bbox 1148 1292 1171 1358; x_wconf 87' lang='lat' dir='ltr'><strong>f.</strong></span> 
     </span>
     <span class='ocr_line' id='line_1_14' title="bbox 165 1375 1171 1465; baseline 0.003 -22"><span class='ocrx_word' id='word_1_97' title='bbox 165 1380 338 1463; x_wconf 88' lang='lat' dir='ltr'><strong>sententia,</strong></span> <span class='ocrx_word' id='word_1_98' title='bbox 366 1400 446 1464; x_wconf 89' lang='lat' dir='ltr'><strong>quas</strong></span> <span class='ocrx_word' id='word_1_99' title='bbox 473 1379 621 1444; x_wconf 87' lang='lat' dir='ltr'><strong>civitates</strong></span> <span class='ocrx_word' id='word_1_100' title='bbox 643 1378 679 1443; x_wconf 88' lang='lat' dir='ltr'><strong>L.</strong></span> <span class='ocrx_word' id='word_1_101' title='bbox 703 1375 794 1444; x_wconf 82' lang='lat' dir='ltr'><strong>Sulla</strong></span> <span class='ocrx_word' id='word_1_102' title='bbox 816 1379 952 1462; x_wconf 89' lang='lat' dir='ltr'><strong>pecunia</strong></span> <span class='ocrx_word' id='word_1_103' title='bbox 974 1384 1109 1465; x_wconf 87' lang='lat' dir='ltr'><strong>accepta</strong></span> <span class='ocrx_word' id='word_1_104' title='bbox 1132 1403 1171 1446; x_wconf 85' lang='lat' dir='ltr'><strong>ex</strong></span> 
     </span>
     <span class='ocr_line' id='line_1_15' title="bbox 164 1466 1169 1554; baseline 0.002 -23"><span class='ocrx_word' id='word_1_105' title='bbox 164 1471 295 1532; x_wconf 87' lang='lat' dir='ltr'><strong>senatus</strong></span> <span class='ocrx_word' id='word_1_106' title='bbox 319 1468 467 1532; x_wconf 90' lang='lat' dir='ltr'><strong>consulto</strong></span> <span class='ocrx_word' id='word_1_107' title='bbox 489 1466 703 1550; x_wconf 80' lang='lat' dir='ltr'><strong>liberavisset,</strong></span> <span class='ocrx_word' id='word_1_108' title='bbox 726 1469 763 1531; x_wconf 88' lang='grc'><strong>118</strong></span> <span class='ocrx_word' id='word_1_109' title='bbox 787 1488 842 1530; x_wconf 89' lang='grc'><strong>888</strong></span> <span class='ocrx_word' id='word_1_110' title='bbox 861 1488 972 1531; x_wconf 89' lang='lat' dir='ltr'><strong>rursus</strong></span> <span class='ocrx_word' id='word_1_111' title='bbox 991 1468 1169 1554; x_wconf 84' lang='lat' dir='ltr'><strong>vectigales</strong></span> 
     </span>
     <span class='ocr_line' id='line_1_16' title="bbox 165 1554 1195 1644; baseline 0.002 -25"><span class='ocrx_word' id='word_1_112' title='bbox 165 1558 272 1619; x_wconf 87' lang='lat' dir='ltr'><strong>essent</strong></span> <span class='ocrx_word' id='word_1_113' title='bbox 293 1577 397 1638; x_wconf 92' lang='lat' dir='ltr'><strong>neque</strong></span> <span class='ocrx_word' id='word_1_114' title='bbox 419 1554 460 1618; x_wconf 92' lang='lat' dir='ltr'><strong>iis</strong></span> <span class='ocrx_word' id='word_1_115' title='bbox 486 1554 671 1639; x_wconf 87' lang='lat' dir='ltr'><strong>pecuniam,</strong></span> <span class='ocrx_word' id='word_1_116' title='bbox 699 1575 797 1638; x_wconf 89' lang='lat' dir='ltr'><strong>quam</strong></span> <span class='ocrx_word' id='word_1_117' title='bbox 818 1576 879 1638; x_wconf 92' lang='lat' dir='ltr'><strong>pro</strong></span> <span class='ocrx_word' id='word_1_118' title='bbox 896 1554 1055 1620; x_wconf 84' lang='lat' dir='ltr'><strong>libertate</strong></span> <span class='ocrx_word' id='word_1_119' title='bbox 1079 1557 1170 1622; x_wconf 89' lang='lat' dir='ltr'><strong>dede·</strong></span> <span class='ocrx_word' id='word_1_120' title='bbox 1192 1640 1195 1644; x_wconf 20' lang='grc' dir='ltr'><strong><em>Ι</em></strong></span> 
     </span>
     <span class='ocr_line' id='line_1_17' title="bbox 163 1640 1170 1741; baseline 0.003 -34"><span class='ocrx_word' id='word_1_121' title='bbox 163 1647 251 1727; x_wconf 92' lang='lat' dir='ltr'><strong>rant,</strong></span> <span class='ocrx_word' id='word_1_122' title='bbox 282 1643 495 1707; x_wconf 90' lang='lat' dir='ltr'><strong>redderemus.</strong></span> <span class='ocrx_word' id='word_1_123' title='bbox 539 1640 742 1741; x_wconf 73' lang='lat' dir='ltr'><strong>Eisenatus</strong></span> <span class='ocrx_word' id='word_1_124' title='bbox 776 1645 825 1706; x_wconf 91' lang='lat' dir='ltr'><strong>est</strong></span> <span class='ocrx_word' id='word_1_125' title='bbox 858 1663 1018 1708; x_wconf 82' lang='lat' dir='ltr'><strong>assensus.</strong></span> <span class='ocrx_word' id='word_1_126' title='bbox 1062 1644 1170 1729; x_wconf 85' lang='lat' dir='ltr'><strong>Turpe</strong></span> 
     </span>
     <span class='ocr_line' id='line_1_18' title="bbox 106 1729 1170 1902; baseline 0.001 -19"><span class='ocrx_word' id='word_1_127' title='bbox 106 1888 108 1892; x_wconf 73' lang='grc'><strong>,</strong></span> <span class='ocrx_word' id='word_1_128' title='bbox 163 1729 777 1901; x_wconf 56' lang='lat' dir='ltr'><strong>taratarantium</strong></span> <span class='ocrx_word' id='word_1_129' title='bbox 803 1729 1004 1902; x_wconf 51' lang='lat' dir='ltr'><strong>blinds?</strong></span> <span class='ocrx_word' id='word_1_130' title='bbox 1005 1735 1170 1884; x_wconf 61' lang='grc'>11111111·</span> 
     </span>
     <span class='ocr_line' id='line_1_19' title="bbox 111 1903 1169 1992; baseline 0.002 -22"><span class='ocrx_word' id='word_1_131' title='bbox 111 1920 144 1971; x_wconf 91' lang='grc'><strong>88</strong></span> <span class='ocrx_word' id='word_1_132' title='bbox 164 1907 267 1971; x_wconf 89' lang='lat' dir='ltr'><strong>dicere</strong></span> <span class='ocrx_word' id='word_1_133' title='bbox 300 1903 470 1987; x_wconf 88' lang='lat' dir='ltr'><strong>quiequam</strong></span> <span class='ocrx_word' id='word_1_134' title='bbox 497 1903 591 1986; x_wconf 90' lang='lat' dir='ltr'><strong>utile,</strong></span> <span class='ocrx_word' id='word_1_135' title='bbox 623 1903 709 1986; x_wconf 88' lang='lat' dir='ltr'><strong>quod</strong></span> <span class='ocrx_word' id='word_1_136' title='bbox 739 1925 806 1968; x_wconf 90' lang='lat' dir='ltr'><strong>non</strong></span> <span class='ocrx_word' id='word_1_137' title='bbox 831 1905 1027 1970; x_wconf 84' lang='lat' dir='ltr'><strong>honestum?</strong></span> <span class='ocrx_word' id='word_1_138' title='bbox 1059 1911 1169 1992; x_wconf 88' lang='lat' dir='ltr'><strong>potest</strong></span> 
     </span>
     <span class='ocr_line' id='line_1_20' title="bbox 163 1990 1169 2076; baseline 0.004 -19"><span class='ocrx_word' id='word_1_139' title='bbox 163 1996 272 2057; x_wconf 90' lang='lat' dir='ltr'><strong>autem</strong></span> <span class='ocrx_word' id='word_1_140' title='bbox 294 1991 353 2054; x_wconf 92' lang='lat' dir='ltr'><strong>ulli</strong></span> <span class='ocrx_word' id='word_1_141' title='bbox 375 1990 521 2074; x_wconf 81' lang='lat' dir='ltr'><strong>imperia,</strong></span> <span class='ocrx_word' id='word_1_142' title='bbox 543 1990 629 2074; x_wconf 91' lang='lat' dir='ltr'><strong>quod</strong></span> <span class='ocrx_word' id='word_1_143' title='bbox 653 1991 759 2076; x_wconf 82' lang='lat' dir='ltr'><strong>gloria</strong></span> <span class='ocrx_word' id='word_1_144' title='bbox 782 1992 877 2057; x_wconf 89' lang='lat' dir='ltr'><strong>debet</strong></span> <span class='ocrx_word' id='word_1_145' title='bbox 898 1991 1019 2057; x_wconf 82' lang='lat' dir='ltr'><strong>fultum</strong></span> <span class='ocrx_word' id='word_1_146' title='bbox 1043 2016 1113 2060; x_wconf 91' lang='grc'>8888</span> <span class='ocrx_word' id='word_1_147' title='bbox 1136 1999 1169 2061; x_wconf 88' lang='grc'><strong>88</strong></span> 
     </span>
     <span class='ocr_line' id='line_1_21' title="bbox 161 2078 1168 2161; baseline 0.005 -18"><span class='ocrx_word' id='word_1_148' title='bbox 161 2078 380 2144; x_wconf 87' lang='lat' dir='ltr'><strong>benivolentia</strong></span> <span class='ocrx_word' id='word_1_149' title='bbox 407 2078 581 2161; x_wconf 87' lang='lat' dir='ltr'><strong>sociorum,</strong></span> <span class='ocrx_word' id='word_1_150' title='bbox 608 2079 689 2161; x_wconf 82' lang='lat' dir='ltr'><strong>utile</strong></span> <span class='ocrx_word' id='word_1_151' title='bbox 717 2101 787 2144; x_wconf 89' lang='grc'>8888</span> <span class='ocrx_word' id='word_1_152' title='bbox 815 2079 924 2145; x_wconf 91' lang='lat' dir='ltr'><strong>odium</strong></span> <span class='ocrx_word' id='word_1_153' title='bbox 951 2085 984 2146; x_wconf 90' lang='lat' dir='ltr'><strong>et</strong></span> <span class='ocrx_word' id='word_1_154' title='bbox 1010 2081 1168 2148; x_wconf 80' lang='lat' dir='ltr'><strong>infamia?</strong></span> 
     </span>
     <span class='ocr_line' id='line_1_22' title="bbox 161 2163 1168 2254; baseline 0.005 -24"><span class='ocrx_word' id='word_1_155' title='bbox 161 2166 234 2250; x_wconf 83' lang='lat' dir='ltr'><strong>Ego</strong></span> <span class='ocrx_word' id='word_1_156' title='bbox 268 2165 365 2230; x_wconf 87' lang='lat' dir='ltr'><strong>etiam</strong></span> <span class='ocrx_word' id='word_1_157' title='bbox 398 2187 471 2230; x_wconf 88' lang='lat' dir='ltr'><strong>cum</strong></span> <span class='ocrx_word' id='word_1_158' title='bbox 502 2163 627 2231; x_wconf 81' lang='lat' dir='ltr'><strong>Catone</strong></span> <span class='ocrx_word' id='word_1_159' title='bbox 658 2189 730 2231; x_wconf 89' lang='lat' dir='ltr'><strong>meo</strong></span> <span class='ocrx_word' id='word_1_160' title='bbox 763 2189 857 2252; x_wconf 87' lang='lat' dir='ltr'><strong>saepe</strong></span> <span class='ocrx_word' id='word_1_161' title='bbox 889 2168 1039 2254; x_wconf 74' lang='lat' dir='ltr'><strong>dissensi,</strong></span> <span class='ocrx_word' id='word_1_162' title='bbox 1070 2170 1168 2236; x_wconf 90' lang='lat' dir='ltr'><strong>nimis</strong></span> 
     </span>
     <span class='ocr_line' id='line_1_23' title="bbox 163 2252 1169 2341; baseline 0.006 -24"><span class='ocrx_word' id='word_1_163' title='bbox 163 2252 244 2317; x_wconf 90' lang='lat' dir='ltr'><strong>mihi</strong></span> <span class='ocrx_word' id='word_1_164' title='bbox 270 2252 449 2337; x_wconf 86' lang='lat' dir='ltr'><strong>praefracte</strong></span> <span class='ocrx_word' id='word_1_165' title='bbox 476 2253 647 2319; x_wconf 88' lang='lat' dir='ltr'><strong>videbatur</strong></span> <span class='ocrx_word' id='word_1_166' title='bbox 672 2256 832 2320; x_wconf 91' lang='lat' dir='ltr'><strong>aerarium</strong></span> <span class='ocrx_word' id='word_1_167' title='bbox 857 2256 1094 2341; x_wconf 82' lang='lat' dir='ltr'><strong>vectigaliaque</strong></span> <span class='ocrx_word' id='word_1_168' title='bbox 1117 2257 1169 2323; x_wconf 92' lang='lat' dir='ltr'><strong>de·</strong></span> 
     </span>
     <span class='ocr_line' id='line_1_24' title="bbox 161 2340 1166 2430; baseline 0.006 -25"><span class='ocrx_word' id='word_1_169' title='bbox 161 2340 304 2424; x_wconf 89' lang='lat' dir='ltr'><strong>fendere,</strong></span> <span class='ocrx_word' id='word_1_170' title='bbox 332 2341 439 2406; x_wconf 88' lang='lat' dir='ltr'><strong>omnia</strong></span> <span class='ocrx_word' id='word_1_171' title='bbox 461 2342 643 2426; x_wconf 88' lang='lat' dir='ltr'><strong>publicanis</strong></span> <span class='ocrx_word' id='word_1_172' title='bbox 665 2364 798 2428; x_wconf 83' lang='lat' dir='ltr'><strong>negare,</strong></span> <span class='ocrx_word' id='word_1_173' title='bbox 825 2343 929 2408; x_wconf 87' lang='lat' dir='ltr'><strong>multa</strong></span> <span class='ocrx_word' id='word_1_174' title='bbox 957 2344 1067 2430; x_wconf 87' lang='lat' dir='ltr'><strong>sociis,</strong></span> <span class='ocrx_word' id='word_1_175' title='bbox 1094 2367 1166 2411; x_wconf 89' lang='lat' dir='ltr'><strong>curn</strong></span> 
     </span>
     <span class='ocr_line' id='line_1_25' title="bbox 161 2428 1167 2518; baseline 0.005 -25"><span class='ocrx_word' id='word_1_176' title='bbox 161 2429 196 2493; x_wconf 92' lang='lat' dir='ltr'><strong>in</strong></span> <span class='ocrx_word' id='word_1_177' title='bbox 217 2428 278 2493; x_wconf 90' lang='lat' dir='ltr'><strong>hos</strong></span> <span class='ocrx_word' id='word_1_178' title='bbox 300 2428 436 2494; x_wconf 88' lang='lat' dir='ltr'><strong>benefici</strong></span> <span class='ocrx_word' id='word_1_179' title='bbox 463 2449 533 2494; x_wconf 89' lang='grc'>8888</span> <span class='ocrx_word' id='word_1_180' title='bbox 560 2429 763 2514; x_wconf 88' lang='lat' dir='ltr'><strong>deberemus,</strong></span> <span class='ocrx_word' id='word_1_181' title='bbox 792 2452 865 2496; x_wconf 91' lang='lat' dir='ltr'><strong>eum</strong></span> <span class='ocrx_word' id='word_1_182' title='bbox 891 2430 959 2495; x_wconf 87' lang='lat' dir='ltr'><strong>illis</strong></span> <span class='ocrx_word' id='word_1_183' title='bbox 986 2430 1033 2496; x_wconf 87' lang='lat' dir='ltr'><strong>sic</strong></span> <span class='ocrx_word' id='word_1_184' title='bbox 1060 2454 1167 2518; x_wconf 83' lang='lat' dir='ltr'><strong>agere,</strong></span> 
     </span>
     <span class='ocr_line' id='line_1_26' title="bbox 161 2516 1167 2604; baseline 0.004 -23"><span class='ocrx_word' id='word_1_185' title='bbox 161 2520 199 2581; x_wconf 92' lang='lat' dir='ltr'><strong>ut</strong></span> <span class='ocrx_word' id='word_1_186' title='bbox 221 2537 293 2581; x_wconf 90' lang='lat' dir='ltr'><strong>oum</strong></span> <span class='ocrx_word' id='word_1_187' title='bbox 316 2516 439 2581; x_wconf 88' lang='lat' dir='ltr'><strong>colonis</strong></span> <span class='ocrx_word' id='word_1_188' title='bbox 461 2517 582 2581; x_wconf 88' lang='lat' dir='ltr'><strong>nostris</strong></span> <span class='ocrx_word' id='word_1_189' title='bbox 606 2519 792 2601; x_wconf 90' lang='lat' dir='ltr'><strong>soleremus,</strong></span> <span class='ocrx_word' id='word_1_190' title='bbox 815 2539 915 2601; x_wconf 90' lang='lat' dir='ltr'><strong>eoque</strong></span> <span class='ocrx_word' id='word_1_191' title='bbox 938 2518 1058 2604; x_wconf 84' lang='lat' dir='ltr'><strong>magis,</strong></span> <span class='ocrx_word' id='word_1_192' title='bbox 1081 2520 1167 2604; x_wconf 90' lang='lat' dir='ltr'><strong>quod</strong></span> 
     </span>
     <span class='ocr_line' id='line_1_27' title="bbox 160 2604 1168 2693; baseline 0.005 -25"><span class='ocrx_word' id='word_1_193' title='bbox 160 2605 220 2669; x_wconf 90' lang='lat' dir='ltr'><strong>illa</strong></span> <span class='ocrx_word' id='word_1_194' title='bbox 247 2604 395 2669; x_wconf 90' lang='lat' dir='ltr'><strong>ordinum</strong></span> <span class='ocrx_word' id='word_1_195' title='bbox 422 2605 603 2669; x_wconf 87' lang='lat' dir='ltr'><strong>coniunctio</strong></span> <span class='ocrx_word' id='word_1_196' title='bbox 632 2606 673 2669; x_wconf 89' lang='lat' dir='ltr'><strong>ad</strong></span> <span class='ocrx_word' id='word_1_197' title='bbox 696 2606 834 2671; x_wconf 84' lang='lat' dir='ltr'><strong>salutern</strong></span> <span class='ocrx_word' id='word_1_198' title='bbox 856 2605 904 2670; x_wconf 92' lang='lat' dir='ltr'><strong>rei</strong></span> <span class='ocrx_word' id='word_1_199' title='bbox 924 2607 1075 2691; x_wconf 89' lang='lat' dir='ltr'><strong>publicae</strong></span> <span class='ocrx_word' id='word_1_200' title='bbox 1097 2629 1168 2693; x_wconf 90' lang='lat' dir='ltr'><strong>per·</strong></span> 
     </span>
     <span class='ocr_line' id='line_1_28' title="bbox 161 2690 1167 2781; baseline 0.003 -24"><span class='ocrx_word' id='word_1_201' title='bbox 161 2693 295 2757; x_wconf 88' lang='lat' dir='ltr'><strong>tinebat.</strong></span> <span class='ocrx_word' id='word_1_202' title='bbox 340 2691 427 2756; x_wconf 87' lang='lat' dir='ltr'><strong>Male</strong></span> <span class='ocrx_word' id='word_1_203' title='bbox 452 2692 551 2756; x_wconf 91' lang='lat' dir='ltr'><strong>etiam</strong></span> <span class='ocrx_word' id='word_1_204' title='bbox 573 2690 685 2776; x_wconf 79' lang='lat' dir='ltr'><strong>Curio,</strong></span> <span class='ocrx_word' id='word_1_205' title='bbox 712 2690 785 2759; x_wconf 84' lang='lat' dir='ltr'><strong>cum</strong></span> <span class='ocrx_word' id='word_1_206' title='bbox 812 2714 943 2758; x_wconf 89' lang='lat' dir='ltr'><strong>causam</strong></span> <span class='ocrx_word' id='word_1_207' title='bbox 966 2693 1167 2781; x_wconf 86' lang='lat' dir='ltr'><strong>Transpada-</strong></span> 
     </span>
     <span class='ocr_line' id='line_1_29' title="bbox 160 2778 1166 2865; baseline 0.004 -21"><span class='ocrx_word' id='word_1_208' title='bbox 160 2802 277 2844; x_wconf 92' lang='lat' dir='ltr'><strong>norum</strong></span> <span class='ocrx_word' id='word_1_209' title='bbox 300 2800 436 2862; x_wconf 92' lang='lat' dir='ltr'><strong>aequam</strong></span> <span class='ocrx_word' id='word_1_210' title='bbox 459 2800 529 2843; x_wconf 87' lang='grc'>8888</span> <span class='ocrx_word' id='word_1_211' title='bbox 556 2778 696 2864; x_wconf 87' lang='lat' dir='ltr'><strong>dicebat,</strong></span> <span class='ocrx_word' id='word_1_212' title='bbox 725 2801 851 2865; x_wconf 91' lang='lat' dir='ltr'><strong>semper</strong></span> <span class='ocrx_word' id='word_1_213' title='bbox 877 2785 986 2846; x_wconf 90' lang='lat' dir='ltr'><strong>autem</strong></span> <span class='ocrx_word' id='word_1_214' title='bbox 1014 2782 1166 2848; x_wconf 87' lang='lat' dir='ltr'><strong>addebat:</strong></span> 
     </span>
     <span class='ocr_line' id='line_1_30' title="bbox 161 2864 1166 2954; baseline 0.006 -24"><span class='ocrx_word' id='word_1_215' title='bbox 161 2866 318 2932; x_wconf 80' lang='lat' dir='ltr'><strong>‘Vincat</strong></span> <span class='ocrx_word' id='word_1_216' title='bbox 340 2864 528 2931; x_wconf 85' lang='lat' dir='ltr'><strong>utilitasi&#39;</strong></span> <span class='ocrx_word' id='word_1_217' title='bbox 564 2866 678 2932; x_wconf 87' lang='lat' dir='ltr'><strong>Potius</strong></span> <span class='ocrx_word' id='word_1_218' title='bbox 702 2867 830 2933; x_wconf 83' lang='lat' dir='ltr'><strong>doceret</strong></span> <span class='ocrx_word' id='word_1_219' title='bbox 847 2890 914 2935; x_wconf 93' lang='lat' dir='ltr'><strong>non</strong></span> <span class='ocrx_word' id='word_1_220' title='bbox 931 2891 1001 2934; x_wconf 93' lang='grc'>8888</span> <span class='ocrx_word' id='word_1_221' title='bbox 1020 2891 1166 2954; x_wconf 89' lang='lat' dir='ltr'><strong>aequam,</strong></span> 
     </span>
     <span class='ocr_line' id='line_1_31' title="bbox 162 2953 1167 3041; baseline 0.007 -24"><span class='ocrx_word' id='word_1_222' title='bbox 162 2954 237 3036; x_wconf 91' lang='lat' dir='ltr'><strong>quia</strong></span> <span class='ocrx_word' id='word_1_223' title='bbox 259 2975 325 3018; x_wconf 93' lang='lat' dir='ltr'><strong>non</strong></span> <span class='ocrx_word' id='word_1_224' title='bbox 347 2957 433 3019; x_wconf 91' lang='grc'>88888</span> <span class='ocrx_word' id='word_1_225' title='bbox 455 2953 547 3018; x_wconf 85' lang='grc'>1181118</span> <span class='ocrx_word' id='word_1_226' title='bbox 569 2953 617 3019; x_wconf 91' lang='lat' dir='ltr'><strong>rei</strong></span> <span class='ocrx_word' id='word_1_227' title='bbox 638 2955 803 3040; x_wconf 86' lang='lat' dir='ltr'><strong>publicae,</strong></span> <span class='ocrx_word' id='word_1_228' title='bbox 826 2978 933 3041; x_wconf 92' lang='lat' dir='ltr'><strong>quam,</strong></span> <span class='ocrx_word' id='word_1_229' title='bbox 956 2979 1029 3023; x_wconf 91' lang='lat' dir='ltr'><strong>cum</strong></span> <span class='ocrx_word' id='word_1_230' title='bbox 1051 2958 1167 3024; x_wconf 89' lang='lat' dir='ltr'><strong>utilem</strong></span> 
     </span>
    </p>
   </div>
   <div class='ocr_carea' id='block_1_3' title="bbox 108 3041 913 3135">
    <p class='ocr_par' dir='ltr' id='par_1_3' title="bbox 108 3041 913 3135">
     <span class='ocr_line' id='line_1_32' title="bbox 108 3041 913 3135; baseline 0.007 -32"><span class='ocrx_word' id='word_1_231' title='bbox 108 3106 117 3135; x_wconf 42' lang='grc' dir='ltr'><strong><em>ζ</em></strong></span> <span class='ocrx_word' id='word_1_232' title='bbox 159 3062 226 3104; x_wconf 88' lang='grc'>11811</span> <span class='ocrx_word' id='word_1_233' title='bbox 249 3061 318 3105; x_wconf 86' lang='grc'>8888</span> <span class='ocrx_word' id='word_1_234' title='bbox 343 3041 471 3126; x_wconf 88' lang='lat' dir='ltr'><strong>diceret,</strong></span> <span class='ocrx_word' id='word_1_235' title='bbox 494 3062 564 3106; x_wconf 88' lang='grc'>8888</span> <span class='ocrx_word' id='word_1_236' title='bbox 588 3063 725 3127; x_wconf 92' lang='lat' dir='ltr'><strong>aequam</strong></span> <span class='ocrx_word' id='word_1_237' title='bbox 746 3043 913 3109; x_wconf 86' lang='lat' dir='ltr'><strong>fateretur.</strong></span> 
     </span>
    </p>
   </div>
   <div class='ocr_carea' id='block_1_4' title="bbox 71 3126 1169 3633">
    <p class='ocr_par' dir='ltr' id='par_1_4' title="bbox 71 3126 1169 3633">
     <span class='ocr_line' id='line_1_33' title="bbox 225 3126 1167 3199; baseline 0.01 -9"><span class='ocrx_word' id='word_1_238' title='bbox 225 3126 345 3192; x_wconf 88' lang='lat' dir='ltr'><strong>Plenus</strong></span> <span class='ocrx_word' id='word_1_239' title='bbox 369 3133 419 3193; x_wconf 90' lang='grc'><strong>888</strong></span> <span class='ocrx_word' id='word_1_240' title='bbox 437 3132 547 3194; x_wconf 85' lang='lat' dir='ltr'><strong>sextus</strong></span> <span class='ocrx_word' id='word_1_241' title='bbox 565 3129 649 3195; x_wconf 94' lang='lat' dir='ltr'><strong>liber</strong></span> <span class='ocrx_word' id='word_1_242' title='bbox 667 3130 705 3195; x_wconf 92' lang='lat' dir='ltr'><strong>de</strong></span> <span class='ocrx_word' id='word_1_243' title='bbox 725 3130 840 3196; x_wconf 83' lang='lat' dir='ltr'><strong>officiis</strong></span> <span class='ocrx_word' id='word_1_244' title='bbox 853 3131 1031 3197; x_wconf 89' lang='lat' dir='ltr'><strong>Hecatonis</strong></span> <span class='ocrx_word' id='word_1_245' title='bbox 1049 3133 1167 3199; x_wconf 87' lang='lat' dir='ltr'><strong>talium</strong></span> 
     </span>
     <span class='ocr_line' id='line_1_34' title="bbox 161 3215 1167 3298; baseline 0.011 -21"><span class='ocrx_word' id='word_1_246' title='bbox 161 3215 399 3298; x_wconf 89' lang='lat' dir='ltr'><strong>quaestionum:</strong></span> <span class='ocrx_word' id='word_1_247' title='bbox 429 3215 524 3282; x_wconf 78' lang='lat' dir='ltr'><strong>‘sitne</strong></span> <span class='ocrx_word' id='word_1_248' title='bbox 548 3217 625 3282; x_wconf 89' lang='lat' dir='ltr'><strong>boni</strong></span> <span class='ocrx_word' id='word_1_249' title='bbox 647 3217 710 3283; x_wconf 88' lang='lat' dir='ltr'><strong>viri</strong></span> <span class='ocrx_word' id='word_1_250' title='bbox 731 3217 767 3282; x_wconf 92' lang='lat' dir='ltr'><strong>in</strong></span> <span class='ocrx_word' id='word_1_251' title='bbox 788 3219 929 3284; x_wconf 83' lang='lat' dir='ltr'><strong>maxima</strong></span> <span class='ocrx_word' id='word_1_252' title='bbox 952 3219 1089 3286; x_wconf 87' lang='lat' dir='ltr'><strong>caritate</strong></span> <span class='ocrx_word' id='word_1_253' title='bbox 1113 3243 1167 3288; x_wconf 89' lang='lat' dir='ltr'><strong>an·</strong></span> 
     </span>
     <span class='ocr_line' id='line_1_35' title="bbox 159 3301 1166 3394; baseline 0.007 -28"><span class='ocrx_word' id='word_1_254' title='bbox 159 3324 263 3366; x_wconf 91' lang='lat' dir='ltr'><strong>nonae</strong></span> <span class='ocrx_word' id='word_1_255' title='bbox 276 3301 436 3368; x_wconf 86' lang='lat' dir='ltr'><strong>familiam</strong></span> <span class='ocrx_word' id='word_1_256' title='bbox 448 3326 515 3370; x_wconf 91' lang='lat' dir='ltr'><strong>non</strong></span> <span class='ocrx_word' id='word_1_257' title='bbox 529 3303 635 3370; x_wconf 91' lang='lat' dir='ltr'><strong>alere&#39;.</strong></span> <span class='ocrx_word' id='word_1_258' title='bbox 665 3303 705 3370; x_wconf 93' lang='lat' dir='ltr'><strong>In</strong></span> <span class='ocrx_word' id='word_1_259' title='bbox 723 3309 893 3391; x_wconf 88' lang='lat' dir='ltr'><strong>utramque</strong></span> <span class='ocrx_word' id='word_1_260' title='bbox 911 3310 1040 3391; x_wconf 87' lang='lat' dir='ltr'><strong>partem</strong></span> <span class='ocrx_word' id='word_1_261' title='bbox 1059 3308 1166 3394; x_wconf 88' lang='lat' dir='ltr'><strong>dispu-</strong></span> 
     </span>
     <span class='ocr_line' id='line_1_36' title="bbox 159 3391 1169 3479; baseline 0.007 -25"><span class='ocrx_word' id='word_1_262' title='bbox 159 3393 223 3473; x_wconf 87' lang='lat' dir='ltr'><strong>tat,</strong></span> <span class='ocrx_word' id='word_1_263' title='bbox 246 3391 301 3455; x_wconf 90' lang='lat' dir='ltr'><strong>sed</strong></span> <span class='ocrx_word' id='word_1_264' title='bbox 323 3395 434 3456; x_wconf 90' lang='lat' dir='ltr'><strong>tamen</strong></span> <span class='ocrx_word' id='word_1_265' title='bbox 456 3391 497 3455; x_wconf 90' lang='lat' dir='ltr'><strong>ad</strong></span> <span class='ocrx_word' id='word_1_266' title='bbox 520 3395 699 3459; x_wconf 83' lang='lat' dir='ltr'><strong>extremum</strong></span> <span class='ocrx_word' id='word_1_267' title='bbox 722 3393 878 3478; x_wconf 87' lang='lat' dir='ltr'><strong>utilitate,</strong></span> <span class='ocrx_word' id='word_1_268' title='bbox 905 3398 943 3458; x_wconf 91' lang='lat' dir='ltr'><strong>ut</strong></span> <span class='ocrx_word' id='word_1_269' title='bbox 966 3398 1074 3479; x_wconf 89' lang='lat' dir='ltr'><strong>putat,</strong></span> <span class='ocrx_word' id='word_1_270' title='bbox 1098 3395 1169 3461; x_wconf 88' lang='lat' dir='ltr'><strong>offi-</strong></span> 
     </span>
     <span class='ocr_line' id='line_1_37' title="bbox 71 3452 1168 3633; baseline 0.005 -90"><span class='ocrx_word' id='word_1_271' title='bbox 71 3452 110 3633; x_wconf 44' lang='lat'><em>5</em></span> <span class='ocrx_word' id='word_1_272' title='bbox 159 3478 244 3544; x_wconf 90' lang='lat' dir='ltr'><strong>cium</strong></span> <span class='ocrx_word' id='word_1_273' title='bbox 267 3479 386 3565; x_wconf 84' lang='lat' dir='ltr'><strong>derigit</strong></span> <span class='ocrx_word' id='word_1_274' title='bbox 408 3478 514 3564; x_wconf 84' lang='lat' dir='ltr'><strong>magis</strong></span> <span class='ocrx_word' id='word_1_275' title='bbox 538 3502 635 3565; x_wconf 90' lang='lat' dir='ltr'><strong>quam</strong></span> <span class='ocrx_word' id='word_1_276' title='bbox 656 3480 869 3547; x_wconf 86' lang='lat' dir='ltr'><strong>humanitate.</strong></span> <span class='ocrx_word' id='word_1_277' title='bbox 915 3480 1057 3566; x_wconf 81' lang='lat' dir='ltr'><strong>Quaerit,</strong></span> <span class='ocrx_word' id='word_1_278' title='bbox 1081 3482 1168 3549; x_wconf 85' lang='lat' dir='ltr'><strong>siin</strong></span> 
     </span>
    </p>
   </div>
   <div class='ocr_carea' id='block_1_5' title="bbox 107 3182 141 3232">
    <p class='ocr_par' dir='ltr' id='par_1_5' title="bbox 107 3182 141 3232">
     <span class='ocr_line' id='line_1_38' title="bbox 107 3182 141 3232; baseline -0.029 0"><span class='ocrx_word' id='word_1_279' title='bbox 107 3182 141 3232; x_wconf 85' lang='grc'><strong>89</strong></span> 
     </span>
    </p>
   </div>
   <div class='ocr_carea' id='block_1_6' title="bbox 0 0 1242 3848">
    <p class='ocr_par' dir='ltr' id='par_1_6' title="bbox 0 0 1242 3848">
     <span class='ocr_line' id='line_1_39' title="bbox 0 0 1242 3848; baseline 0 1"><span class='ocrx_word' id='word_1_280' title='bbox 0 0 1242 3848; x_wconf 95' lang='lat' dir='ltr'><strong> </strong></span> 
     </span>
    </p>
   </div>
  </div>
 </body>
</html>
