2476 3848
470 189 710 254 -475-

88 352 174 436 quod
202 373 270 416 non
295 351 415 416 habeat
444 350 512 414 sine
535 349 682 414 doctrina
705 347 970 431 anticipationem
994 370 1092 432 quan·

89 441 164 504 dam
191 438 345 504 deorum?
377 461 475 522 quam
502 438 645 522 appellat
669 432 836 521 πρόληψιν
858 436 1031 520 Epicurus,
1058 434 1091 498 id

89 530 139 592 est
172 530 376 612 anteceptam
408 527 515 592 animo
547 525 596 589 rei
627 523 788 607 quandam
818 523 1091 607 informationem,

89 615 159 679 sine
200 637 263 698 qua
300 636 359 678 nec
398 613 546 698 intellegi
587 612 758 697 quicquam
793 633 851 676 nec
888 611 998 694 quaeri
1033 632 1092 675 nec

90 702 250 786 disputari
280 704 398 786 potest.
443 700 541 766 Cuius
573 700 709 764 rationis
741 699 809 765 vim
841 702 938 783 atque
970 699 1092 763 utilita-

89 795 157 854 tem
185 812 223 854 ex
248 789 308 854 illo
336 789 468 854 caelesti
489 787 629 872 Epicuri.
646 787 684 852 de
706 787 820 872 regula
844 790 876 850 et
898 787 1015 852 iudicio
1039 809 1144 900 νο-17

89 878 211 943 lumine
239 877 427 960 accepimns.
479 874 572 950 Quod
597 875 699 961 igitur
725 874 970 939 fundamentum
997 875 1092 940 huius
1111 915 1146 963 44

91 965 289 1050 quaestionis
322 968 386 1047 est,
420 963 453 1028 id
484 964 648 1048 praeclare
679 964 800 1028 iactum
832 962 958 1028 videtis.
1012 962 1093 1028 Cum

90 1054 176 1117 enim
193 1074 259 1117 non
276 1052 427 1116 instituto
447 1051 556 1135 aliquo
576 1054 632 1115 aut
650 1073 739 1116 more
758 1054 814 1116 aut
832 1051 905 1137 lege
925 1052 968 1116 sit
984 1051 1092 1136 opinio

91 1141 269 1206 constituta
282 1142 474 1223 maneatque
490 1139 530 1202 ad
543 1161 642 1202 unum
657 1138 800 1203 omnium
813 1139 908 1203 firma
917 1141 1094 1223 consensio,

90 1228 239 1313 intellegi
260 1249 389 1292 necesse
413 1230 551 1290 estesse
570 1226 655 1309 deos,
679 1227 831 1308 quoniam
848 1227 963 1292 insitas
983 1250 1094 1292 eorum
1121 1305 1123 1309 Α

90 1318 143 1381 vel
161 1317 270 1401 potius
288 1317 417 1379 innatas
437 1313 638 1399 cognitiones
656 1312 828 1396 habemus,
846 1314 884 1378 de
904 1336 966 1398 quo
986 1318 1094 1379 autem

91 1405 237 1469 omnium
257 1407 375 1468 natura
398 1401 572 1484 consentit,
596 1400 629 1464 id
652 1422 763 1465 verum
787 1421 857 1464 esse
879 1423 1008 1466 necesse
1032 1407 1095 1486 est3

92 1514 160 1556 esse
182 1491 284 1576 igitur
307 1491 383 1555 deos
406 1489 621 1555 confitendum
644 1491 702 1552 est.
738 1486 831 1562 Quod
854 1489 1005 1572 quoniam
1026 1489 1095 1554 fere

92 1582 221 1644 constat
242 1579 328 1642 inter
347 1578 451 1642 omnis
469 1599 535 1641 non
553 1576 764 1661 philosophos
784 1575 898 1660 solum,
922 1577 1095 1642 sedetiam

91 1667 251 1749 indoctos,
287 1666 448 1730 fateamur
479 1667 628 1729 constare
657 1664 740 1727 illud
772 1663 883 1748 etiam,
919 1664 1003 1729 hanc
1034 1687 1094 1730 nos

91 1755 211 1819 habere
234 1755 302 1818 sive
326 1753 599 1837 anticipationem,
621 1755 659 1816 ut
682 1755 756 1815 ante
780 1751 854 1834 dixi,
877 1751 944 1816 sive
962 1774 1095 1836 praeno·

91 1843 214 1907 tionem
237 1842 369 1906 deorum
393 1839 483 1925 (sunt
506 1839 592 1904 enim
614 1839 709 1903 rebus
733 1839 826 1904 novis
845 1861 929 1904 nova
947 1841 1095 1924 ponenda

91 1930 232 2012 nomina,
255 1933 292 1993 ut
314 1929 473 2014 Epicurus
496 1928 566 2012 ipse
589 1923 756 2012 πρόληψιν
780 1928 971 2013 appellavit,
998 1951 1095 2011 quam

93 2021 189 2083 antea
210 2039 305 2082 nemo
329 2039 366 2082 eo
389 2017 487 2081 verbo
510 2013 708 2100 nominarat)
724 2014 863 2080 —hanc
880 2015 982 2102 igitur
999 2017 1095 2082 habe·
1113 2029 1147 2078 45

92 2127 178 2188 mus,
208 2108 246 2169 ut
279 2105 354 2168 deos
387 2104 501 2169 beatos
529 2106 562 2167 et
588 2103 776 2168 inmortales
803 2108 961 2188 putemus.
1007 2104 1095 2180 Quae

92 2193 179 2256 enim
213 2192 309 2256 nobis
344 2195 462 2255 natura
492 2190 756 2255 informationem
786 2191 931 2275 ipsorum
964 2192 1095 2259 deorum

93 2280 193 2363 dedit,
221 2279 332 2344 eadem
354 2279 527 2362 insculpsit
548 2279 583 2342 in
606 2278 781 2361 mentibus,
808 2282 846 2343 ut
869 2302 923 2345 eos
947 2285 1095 2347 aeternos

93 2371 126 2432 et
148 2367 262 2431 beatos
284 2365 485 2432 haberemus.
530 2364 624 2440 Quod
646 2366 675 2429 si
696 2365 745 2430 ita
767 2370 830 2449 est,
852 2389 927 2432 vere
950 2370 1096 2452 exposita

93 2456 152 2520 illa
175 2455 335 2519 sententia
359 2458 408 2519 est
431 2454 472 2518 ab
490 2453 641 2538 Epicuro,
664 2454 750 2537 quod
766 2454 898 2518 beatum
917 2458 1096 2520 aeternum-

94 2565 155 2627 que
183 2544 240 2626 sit,
271 2542 306 2606 id
331 2564 390 2606 nec
416 2542 535 2606 habere
562 2541 670 2627 ipsum
697 2541 821 2627 negotii
845 2542 1016 2626 quicquam
1037 2565 1096 2609 nec

94 2632 244 2696 exhibere
268 2630 376 2713 alteri,
398 2629 508 2714 itaque
530 2651 634 2712 neque
655 2629 706 2693 ira
727 2651 830 2714 neque
854 2631 962 2715 gratia
984 2632 1097 2715 teneri,

94 2720 194 2803 quod,
223 2740 305 2802 qnae
331 2718 413 2783 talia
436 2720 556 2801 essent,
582 2717 746 2782 imbecilla
769 2721 877 2782 essent
900 2719 1017 2783 omnia.
1063 2717 1097 2784 Si

93 2807 176 2870 nihil
204 2807 293 2871 aliud
319 2827 556 2890 quaereremus,
587 2805 651 2869 nisi
677 2808 715 2870 ut
742 2805 817 2870 deos
844 2805 897 2889 pie
920 2807 1096 2872 coleremus

94 2897 127 2958 et
158 2897 195 2957 ut
228 2894 457 2978 superstitione
489 2893 715 2976 liberaremur,
747 2893 827 2958 satis
860 2897 930 2957 erat
962 2894 1097 2978 dictum3

93 3003 169 3046 nam
182 2984 234 3044 fet
265 2985 435 3065 praestans
467 2980 599 3045 deorum
630 2984 747 3045 natura
777 2981 945 3046 hominum
976 2982 1098 3066 pietate

94 3069 267 3152 coleretur,
295 3090 368 3133 cum
395 3071 428 3133 et
456 3072 587 3132 aeterna
609 3072 694 3133 esset
718 3072 750 3133 et
772 3069 961 3134 beatissima
985 3067 1098 3155 (habet

95 3157 180 3223 enim
202 3157 442 3221 venerationem
464 3155 597 3240 iustam,
626 3157 777 3240 quicquid
799 3156 955 3243 excellit),
979 3162 1012 3224 et
1033 3181 1105 3243 meq-

94 3249 148 3309 tus
172 3244 276 3309 omnis
300 3267 319 3308 a
341 3244 375 3309 vi
397 3247 494 3328 atque
516 3244 566 3308 ira
590 3243 721 3309 deorum
743 3245 856 3328 pulsus
880 3250 977 3329 esset,
1004 3247 1073 3313 inte

94 3334 215 3421 legitur
246 3332 332 3397 enim
363 3355 383 3397 a
414 3333 511 3398 beata
541 3332 772 3416 inmortalique
802 3337 921 3398 natura
956 3337 989 3399 et
1015 3334 1045 3399 ir

95 3426 127 3487 et
151 3422 291 3508 gratiam
315 3421 495 3506 segregari;
518 3419 634 3504 quibus
654 3421 788 3486 remotis
806 3421 915 3488 nullos
935 3444 955 3486 a
973 3443 1011 3487 su

93 3511 277 3596 impendere
309 3513 423 3575 metus.
473 3505 535 3572 Sed
567 3508 609 3572 ad
638 3507 722 3575 hanc
753 3531 790 3576 oo
1010 3514 1044 3547 ·'
