2476 3848
474 200 713 266 -463-

88 366 204 444 tatem,
236 361 282 426 sic
309 361 387 426 licet
418 360 531 426 surdos
564 361 604 426 ad
635 361 809 426 oculorum.
860 361 1004 445 Etenim,
1034 363 1088 445 qui

90 470 198 513 secum
219 449 309 534 loqui
331 449 465 532 poterit,
492 470 672 514 sermonem
699 450 830 514 alterius
853 471 917 515 non
939 449 1089 533 requiret.

155 533 378 621 Congerantur
408 537 444 602 in
474 559 572 602 unum
604 537 726 621 omnia,
752 542 790 602 ut
816 537 900 601 idem
928 537 1029 603 oeulis
1056 547 1089 599 st

89 624 220 688 auribus
243 628 356 708 captus
380 625 436 710 sit,
462 629 628 709 prematur
650 625 746 690 etiam
773 624 937 689 doloribus
966 645 1089 689 acerru-

90 713 152 776 mis
172 713 323 795 corporis.
360 713 423 788 Qui
439 713 579 797 primum
601 734 710 797 perse
733 713 796 796 ipsi
813 714 999 796 plerumque
1017 733 1089 777 con·

89 799 204 863 ficiunt
223 799 401 883 hominem3
430 801 482 866 sin
503 800 587 865 forte
608 801 844 885 longinquitate
867 800 1016 884 producti
1038 820 1088 863 ve·

90 887 271 952 hementius
300 891 409 954 tamen
438 893 601 973 torquent,
616 945 617 950 ,
631 911 728 973 quam
756 894 793 954 ut
821 909 919 953 causa
948 888 1003 971 sit,
1033 908 1089 952 our

89 974 247 1058 ferantur,
274 976 350 1060 quid
373 979 423 1040 est
443 975 587 1058 tandem,
608 976 642 1040 di
664 977 754 1060 boni,
777 976 861 1060 quod
883 974 1088 1041 laboremus?

89 1063 206 1127 Portus
229 1062 313 1126 enim
334 1068 463 1147 praesto
486 1067 548 1146 est,
576 1064 740 1148 [quoniam
768 1085 855 1130 mors
881 1064 1003 1128 ibidem
1024 1065 1087 1144 est]

90 1154 256 1214 aeternum
291 1150 372 1215 nihil
408 1151 564 1216 sentiendi
599 1151 843 1234 receptaculum.
903 1151 1088 1217 Theodorus

89 1237 282 1321 Lysimacho
309 1242 446 1303 mortem
472 1239 636 1302 minitanti
667 1237 859 1323 ‘Magnum
891 1238 1017 1322 voro',
1040 1239 1088 1302 in·

90 1326 174 1410 quit,
201 1325 402 1408 ‘effecisti,
429 1325 462 1390 si
489 1326 728 1390 cantharidis
756 1327 830 1390 vim
862 1330 1088 1390 consecutus

90 1412 148 1478 es'
184 1412 303 1477 Paulus
322 1413 413 1477 Persi
431 1413 626 1497 deprecanti,
644 1435 685 1477 ne
702 1413 737 1476 in
754 1413 919 1496 triumpho
939 1413 1063 1476 ducere·
1088 1423 1138 1471 118

89 1506 155 1584 tur,
188 1500 247 1564 ‘In
272 1498 339 1565 tua
369 1501 407 1565 id
439 1500 586 1586 quidam
622 1504 816 1584 potestate
849 1498 926 1564 est'
984 1499 1088 1563 Multa

89 1589 194 1671 primo
214 1588 278 1671 dia,
295 1610 368 1653 cum
386 1589 426 1653 de
443 1589 514 1672 ipsa
532 1592 633 1652 morte
652 1609 883 1673 quaereremus,
903 1608 971 1652 non
987 1608 1089 1671 pauca

90 1677 188 1740 etiam
210 1681 352 1761 postero,
375 1698 447 1741 cum
469 1679 618 1760 ageretur
640 1674 679 1741 de
701 1676 824 1759 dolore,
847 1680 922 1739 sunt
943 1675 1028 1740 dicta
1049 1675 1087 1739 de

89 1769 207 1846 morte,
229 1786 309 1847 quae
333 1764 389 1848 qui
405 1764 601 1847 recordetur,
622 1763 708 1828 haud
731 1785 809 1828 sane
830 1764 1007 1847 periculum
1030 1766 1087 1847 est,

89 1873 130 1915 ne
147 1873 214 1916 non
232 1857 369 1915 mortem
387 1855 444 1916 aut
461 1852 634 1935 optandam
652 1854 709 1916 aut
727 1855 812 1916 certe
830 1872 896 1915 non
913 1851 1087 1915 timendam

89 1942 189 2021 putet.
223 1938 307 2004 Mihi
330 1940 458 2024 quidem
479 1941 514 2004 in
536 1940 604 2003 vita
626 1939 783 2004 servanda
801 1939 927 2004 videtur
948 1939 1005 2003 illa
1026 1939 1088 2023 lex,
1096 1935 1138 1998 41

90 2047 172 2108 quae
194 2027 229 2089 in
251 2024 446 2091 Graecorum
464 2027 619 2094 conviviis
638 2028 813 2092 obtinetur:
839 2026 930 2092 ‘Aut
947 2026 1088 2111 bibat'‚

90 2113 206 2195 inquit,
240 2112 321 2177 ‘aut
353 2114 486 2181 abeat'
539 2115 583 2180 Et
609 2121 702 2180 recte.
741 2116 819 2178 'Aut
850 2116 934 2179 enim
963 2115 1089 2180 fruatur

91 2200 206 2283 aliquis
237 2202 358 2283 pariter
391 2225 463 2266 cum
495 2204 568 2267 aliis
600 2205 764 2284 voluptate
791 2202 925 2284 potandi
952 2208 1022 2288 aut,
1047 2226 1087 2268 na

90 2287 216 2351 sobrius
233 2289 268 2351 in
285 2287 469 2354 violentiam
488 2291 725 2354 vinulentorum
743 2290 876 2372 incidat,
896 2294 970 2355 ante
988 2291 1087 2356 disee-

91 2375 154 2438 dat.
198 2372 251 2439 Sic
275 2375 409 2440 iniurias
435 2376 599 2458 fortunae,
631 2398 709 2460 quas
740 2376 824 2441 ferre
851 2399 1004 2462 nequeas,
1036 2379 1087 2442 de-

90 2462 241 2546 fugiendo
259 2463 431 2546 relinquas.
467 2464 556 2528 Haec
573 2463 697 2547 eadem,
721 2486 801 2548 quae
823 2463 991 2548 Epicurus,
1012 2466 1087 2528 toti-

91 2550 161 2613 dem
183 2551 290 2614 verbis
313 2551 391 2615 dicit
412 2552 636 2635 Hieronymus.

156 2637 275 2714 Quodsi
293 2638 318 2702 ii
335 2638 533 2722 philosophi,
556 2661 691 2723 quorum
709 2661 748 2704 ea
766 2640 927 2704 sententia
944 2643 1003 2720 est,
1027 2643 1063 2704 ut
1088 2653 1137 2702 119

89 2730 191 2788 virtus
217 2748 274 2808 per
301 2747 335 2790 se
362 2727 433 2809 ipsa
457 2727 539 2790 nihil
565 2727 683 2807 valeat,
717 2749 884 2812 omneque,
917 2726 1001 2812 quod
1031 2727 1085 2791 ho·

89 2818 216 2876 nestum
243 2836 302 2879 nos
325 2816 359 2878 et
383 2814 544 2879 laudabile
567 2836 636 2878 esse
658 2815 805 2895 dicimus,
833 2815 866 2879 id
888 2815 939 2879 illi
961 2836 1086 2879 cassum

90 2899 240 2981 quiddam
267 2904 300 2964 et
325 2902 414 2966 inani
440 2902 528 2967 vocis
556 2924 634 2966 sono
662 2903 847 2968 decoratum
875 2925 944 2968 esse
969 2903 1086 2984 dicant,

90 2986 118 3049 ei
141 2990 249 3049 tamen
272 3010 396 3071 semper
419 2990 547 3053 beatum
566 2996 697 3054 censent
715 3012 785 3055 esse
804 2991 991 3075 sapientem,
1009 2991 1086 3074 quid

89 3073 218 3137 tandem
249 3097 268 3138 a
301 3072 431 3140 Socrate
463 3080 496 3141 at
525 3077 660 3143 Platone
694 3079 847 3162 profectis
882 3077 1083 3163 philosophis

89 3161 267 3226 faciendum
289 3161 433 3228 iudicas?
461 3188 596 3249 quorum
624 3167 680 3230 alii
706 3171 830 3232 tantam
851 3166 1084 3249 praestantiam

88 3251 122 3314 in
145 3249 236 3313 bonis
260 3250 359 3314 animi
381 3273 451 3316 esse
474 3253 596 3330 dicunt,
618 3258 655 3316 ut
677 3255 718 3318 ab
740 3254 791 3317 his
812 3254 954 3336 corporis
977 3259 1010 3317 ct
1033 3276 1084 3318 ex-

89 3342 177 3401 terna
206 3338 428 3424 obscurentur,
460 3340 514 3403 alii
541 3344 648 3405 autem
675 3338 753 3404 haec
779 3362 819 3404 ne
846 3340 931 3405 bona
957 3341 1084 3425 quidem

90 3426 221 3508 ducunt,
243 3425 277 3490 in
300 3427 408 3491 animo
429 3433 588 3510 reponunt
613 3427 729 3492 omnia.
773 3426 915 3504 Quorum
938 3432 1062 3493 contro·
1087 3442 1138 3489 120

89 3513 227 3576 versiam
251 3514 375 3579 solebat
403 3520 569 3599 tamquam
591 3514 780 3581 honorarius
804 3516 925 3581 arbiter
946 3517 1085 3581 iudicare
