2476 3848
470 167 710 232 -455-

89 328 215 410 legatos
236 326 276 391 ad
295 348 407 390 cenam
429 326 464 390 in
482 325 704 407 Academiam3
726 324 767 389 iis
787 325 945 408 apposuit
958 328 1094 408 tantum,

91 414 175 499 quod
199 414 279 478 satis
309 418 406 496 esset,
432 414 523 479 nullo
548 417 714 497 apparatu.
759 411 840 478 Cum
867 413 1022 495 postridie
1044 435 1093 477 ro·

90 506 205 587 garent
229 524 315 584 eum,
343 504 394 568 cui
422 502 584 566 numerari
610 501 747 579 iuberet,
777 499 1093 577 ξ(1111110111-

92 589 252 672 sterna,'
288 591 405 674 inquit,
446 589 596 655 ‘cenula
631 611 706 654 non
741 589 998 654 intellexistis
1039 610 1094 652 me

91 678 256 762 pecunia
277 700 353 743 non
376 677 524 763 egerel'
570 677 656 754 Quos
679 699 752 743 cum
772 677 932 741 tristiores
954 676 1095 758 vidisset,

90 766 225 850 triginta
245 766 350 832 minas
370 767 502 851 accepit,
520 789 561 830 ne
580 766 746 849 aspernari
764 766 850 850 regis
868 765 1095 830 liberalitatem

91 855 260 918 videretur.
314 855 360 919 At
390 876 466 920 vero
498 853 660 939 Diogenes
695 854 841 937 liberius,
877 857 914 917 ut
948 850 1095 937 Cynicus,
1114 864 1148 912 92

92 942 276 1007 Alexandro
312 944 452 1028 roganti,
488 947 526 1007 ut
557 944 689 1026 diceret,
722 943 750 1006 si
781 941 856 1026 quid
889 963 969 1024 opus
1002 945 1096 1023 esset,

93 1029 215 1094 ‘Nunc
238 1029 387 1113 quidem
411 1029 637 1114 paululum',
666 1031 784 1115 inquit,
808 1029 843 1094 ‘a
867 1028 968 1094 sole'
1012 1028 1095 1094 offe-

94 1122 181 1183 cerat
211 1118 360 1182 videlicet
392 1119 558 1201 apricanti.
613 1118 658 1182 nt
689 1119 742 1183 hio
774 1119 900 1204 quidem
932 1118 1096 1200 disputare

93 1206 229 1289 solebat,
258 1210 378 1289 quanto
406 1227 515 1290 regem
540 1206 712 1270 Persarum
734 1207 803 1271 vita
830 1206 1022 1289 fortunaque
1046 1227 1096 1271 su·-

92 1298 232 1379 peraret3
251 1293 313 1358 sibi
331 1293 413 1357 nihil
432 1294 556 1378 deesse,
580 1294 629 1357 illi
647 1294 728 1357 nihil
747 1294 827 1358 satis
845 1315 997 1378 umquam
1014 1293 1096 1375 fore3

91 1404 127 1447 se
159 1383 227 1446 eius
254 1381 437 1464 voluptates
465 1401 531 1445 non
561 1381 753 1463 desiderare,
780 1381 896 1464 quibus
922 1402 1097 1464 numquam

95 1469 206 1534 satiari
220 1469 276 1533 ille
289 1472 408 1553 posset,
427 1490 501 1533 suas
520 1490 593 1532 eum
607 1469 757 1552 consequi
775 1468 864 1533 nullo
879 1467 972 1533 modo
994 1489 1097 1550 posse.
1108 1524 1150 1589 33

160 1557 273 1639 Vides,
296 1557 404 1638 credo,
432 1560 468 1621 ut
489 1555 647 1638 Epicurus
670 1557 882 1638 cupiditatum
910 1576 1029 1640 genera
1052 1555 1096 1618 di·
1116 1602 1149 1650 93

93 1645 219 1727 riserit,
245 1665 312 1709 non
337 1645 434 1708 nimis
461 1644 599 1708 fortasse
627 1643 802 1727 subtiliter,
829 1643 952 1707 utiliter
979 1647 1097 1725 tamen,

94 1734 215 1816 partim
233 1753 303 1797 1111
319 1732 484 1798 naturales
510 1735 542 1796 et
558 1732 769 1815 necessarias,
792 1731 910 1815 partim
934 1731 1097 1794 naturales

92 1826 128 1896 ,et
144 1842 210 1886 non
228 1820 433 1903 necessarias,
450 1821 571 1904 partim
588 1823 751 1904 neutrum,
769 1819 966 1884 necessarias
986 1819 1098 1883 satiari

94 1930 189 1993 posse
215 1929 316 1992 paene
343 1908 459 1991 nihilo;
486 1908 615 1973 divitias
639 1907 724 1972 enim
750 1911 886 1972 naturae
914 1928 983 1972 esse
1006 1928 1097 1989 para·

95 1998 189 2082 biles3
212 1997 386 2062 secundum
410 2000 516 2061 autem
540 2016 641 2081 genus
664 1996 876 2079 cupiditatum
899 2016 959 2059 neo
981 1995 1021 2060 ad
1042 2016 1099 2079 po·

95 2085 240 2148 tiendum
268 2084 396 2148 difficile
424 2105 493 2148 esse
521 2088 630 2148 censet
655 2105 714 2148 nec
742 2105 817 2148 vero
853 2083 894 2146 ad
912 2083 1098 2166 carendum3

95 2173 222 2253 tertias,
250 2171 336 2254 quod
359 2175 467 2237 essent
492 2172 588 2255 plane
616 2173 726 2236 inanes
748 2192 850 2255 neque
872 2172 1098 2237 necessitatem

96 2258 205 2340 mod0,
234 2258 288 2322 sed
315 2280 354 2321 ne
382 2263 531 2324 naturam
559 2260 689 2343 quidem
716 2258 923 2343 attingerent,
954 2260 1099 2324 funditus

97 2345 253 2411 eiciendas
280 2345 415 2429 putavit.
460 2345 532 2411 Hoc
557 2347 628 2411 loco
659 2346 762 2411 multa
785 2348 825 2411 ab
847 2347 1015 2430 Epicureis
1039 2347 1099 2410 dis·
1118 2358 1153 2406 94

97 2437 266 2517 putantur,
298 2453 416 2516 eaeque
443 2433 625 2517 voluptates
654 2435 843 2518 singillatim
875 2438 1099 2516 extenuantur,

98 2544 232 2607 quarum
274 2543 392 2606 genera
427 2542 493 2585 non
529 2524 752 2600 contemnunt,
793 2525 951 2606 quaerunt
990 2526 1100 2586 tamen

99 2611 232 2694 copiam.
289 2608 374 2674 Nam
410 2612 443 2674 et
479 2609 633 2674 obscenas
669 2611 866 2694 voluptates,
906 2610 944 2674 de
986 2610 1099 2696 quibus

97 2700 200 2763 multa
227 2698 268 2763 ab
294 2697 359 2761 illis
387 2697 525 2761 habetur
553 2697 670 2781 oratio,
697 2697 817 2782 facilis,
847 2697 1038 2780 communis,
1067 2697 1101 2761 in

98 2787 204 2850 medio
237 2786 316 2850 sitas
349 2807 415 2849 esse
447 2785 569 2868 dicunt,
602 2807 718 2870 easque
746 2786 773 2850 11
799 2789 916 2850 natura
950 2785 1101 2868 requirat,

98 2894 164 2938 non
191 2895 307 2958 genere
335 2876 391 2937 aut
417 2873 489 2938 loco
517 2878 574 2937 aut
600 2873 726 2957 ordine,
756 2873 811 2939 sed
838 2872 955 2956 forma,
987 2875 1102 2957 aetate,

99 2961 203 3045 figura
230 2960 406 3025 metiendas
434 2964 563 3045 putant,
591 2961 632 3026 ab
660 2962 762 3045 iisque
788 2961 947 3026 abstinere
971 2960 1102 3025 minime

98 3070 169 3119 1111
196 3047 340 3131 difficile,
368 3048 396 3112 11
424 3051 479 3113 aut
506 3048 656 3115 valetudo
685 3054 741 3114 aut
767 3048 909 3113 officium
932 3052 989 3114 aut
1014 3048 1103 3114 fama

99 3136 253 3220 postulet,
281 3136 473 3221 omninoque
500 3157 601 3221 genus
633 3137 694 3202 hoc
725 3138 927 3221 voluptatum
959 3137 1102 3221 optabile
1142 3172 1145 3177 ·

100 3246 182 3309 esse,
199 3225 233 3288 ,11
249 3244 316 3288 non
334 3223 433 3306 obsit,
456 3224 608 3307 prodesse
626 3246 810 3309 numquam.
845 3224 1024 3310 Totumque
1041 3225 1103 3290 hoc

101 3313 139 3377 de
165 3313 332 3396 voluptate
360 3312 407 3375 sic
433 3312 488 3376 ille
516 3312 684 3396 praecipit,
711 3316 748 3377 ut
768 3312 970 3398 voluptatem
997 3314 1119 3398 ipsam¹

99 3422 158 3485 per
190 3422 237 3484 se,
269 3401 345 3484 quia
376 3399 525 3483 voluptas
553 3401 609 3485 sit,
642 3422 768 3485 semper
794 3401 968 3486 optandam
992 3406 1025 3467 et

99 3488 270 3572 petendam
301 3491 407 3572 putet,
445 3487 618 3572 eademque
652 3489 778 3554 ratione
812 3488 957 3556 dolorem
989 3487 1063 3563 ola·
