2476 3848
535 170 774 236 -478-

93 349 127 399 54
147 332 268 397 exitum
295 353 361 396 non
391 330 543 414 potestis,
571 329 751 414 confugitis
769 330 810 394 ad
837 330 945 416 deum3
973 331 1067 397 cuius
1093 355 1173 418 ope·

145 443 216 486 ram
238 419 385 506 profecto
408 441 473 484 non
493 417 728 501 desideraretis,
751 418 779 482 si
802 418 984 484 inmensam
1008 423 1042 484 et
1065 420 1171 487 inter·

145 510 303 574 minatam
326 509 361 572 in
385 508 489 572 omnis
513 507 616 589 partis
642 506 900 588 magnitudinem
922 508 1098 592 regionum
1123 511 1171 575 vi·

146 598 278 681 deretis,
305 596 341 660 in
368 618 465 681 quam
489 615 523 658 se
551 595 683 659 iniciens
713 596 840 659 animus
864 601 897 660 et
919 596 1093 662 intendens
1120 599 1171 664 ita

145 687 210 750 late
243 687 405 769 longeque
437 684 677 767 peregrinatur,
710 688 747 748 ut
777 684 903 748 nullam
932 689 1044 749 tamen
1073 708 1169 753 oram

146 775 254 839 ultimi
282 774 402 853 videat,
428 772 462 837 in
490 793 554 856 qua
580 773 686 855 possit
712 771 869 837 insistere.
914 772 953 836 In
976 772 1039 837 hac
1061 774 1171 860 igitur

145 863 354 927 inmensitate
390 859 615 942 latitudinum,
656 860 913 945 longitudinum,
950 861 1170 929 altitudinum

145 951 274 1015 infinita
302 949 351 1014 vis
384 947 671 1012 innumerabilium
697 948 816 1013 volitat
848 953 1048 1033 atomorum,
1080 972 1168 1035 quae

145 1040 316 1104 interiecto
340 1037 431 1100 inani
460 1038 693 1100 cohaerescunt
719 1040 828 1101 tamen
856 1037 942 1102 inter
965 1059 999 1102 se
1022 1042 1057 1103 et
1080 1041 1168 1106 aliae

147 1128 228 1191 alias
253 1124 531 1209 adprehendentes
556 1124 798 1208 continuantur3
827 1147 866 1190 ex
889 1148 953 1210 quo
977 1127 1168 1194 efficiuntur

147 1237 202 1280 eae
230 1236 337 1279 rerum
370 1214 494 1278 formae
525 1217 557 1278 et
584 1214 721 1298 figurae,
754 1236 834 1298 quas
862 1237 919 1279 vos
953 1215 1037 1279 effici
1067 1238 1168 1300 posse

147 1305 216 1368 sine
239 1304 374 1368 follibus
404 1307 436 1366 et
464 1303 633 1368 incudibus
663 1324 730 1367 non
757 1302 890 1387 putatis.
935 1303 1050 1388 Itaque
1074 1305 1168 1390 inpo

147 1393 257 1457 suistis
288 1393 323 1455 in
355 1391 534 1456 cervicibus
567 1392 688 1454 nostris
721 1392 954 1475 sempiternum
986 1392 1168 1479 dominum,

146 1504 241 1565 quem
262 1480 330 1544 dies
346 1484 378 1545 et
391 1483 503 1545 noctes
523 1480 720 1544 timeremus.
756 1478 836 1554 Quis
856 1481 943 1543 enim
962 1502 1029 1545 non
1048 1482 1169 1548 timeat

148 1576 257 1634 omnia
280 1569 504 1653 providentem
523 1571 556 1631 et
575 1569 770 1652 cogitantem
795 1572 828 1632 et
852 1568 1168 1636 animadvertentem

148 1663 181 1722 et
203 1661 313 1723 omnia
341 1658 440 1721 adse
467 1656 630 1740 pertinere
658 1661 826 1740 putantem
854 1656 1017 1721 curiosum
1040 1662 1074 1723 et
1096 1660 1166 1742 ple·

94 1759 128 1809 65
147 1769 227 1811 num
254 1745 379 1828 negotii
407 1745 524 1809 deum?
569 1744 656 1809 Hinc
683 1745 775 1809 vohis
805 1746 914 1809 extitit
941 1746 1082 1830 primum
1105 1747 1168 1812 illa

146 1835 257 1900 fatalis
281 1834 472 1916 necessitas,
504 1855 600 1917 quam
625 1830 826 1916 εἱμαρμένην
850 1833 972 1918 dicitis,
995 1838 1046 1917 ut,
1077 1836 1167 1920 quic·

148 1924 223 2008 quid
248 1921 381 2004 accidat,
405 1922 438 1985 id
461 1944 499 1985 ex
524 1924 656 1984 aeterna
679 1921 814 1985 veritate
837 1942 1072 2006 causarumque
1092 1945 1167 1989 con-

146 2011 328 2075 tinuatione
351 2009 483 2072 fluxisse
507 2008 632 2073 dicatis.
679 2007 800 2083 Quanti
823 2015 931 2081 autem
954 2012 1036 2076 haec
1059 2011 1167 2095 philo·

147 2098 264 2181 sophia
291 2096 492 2160 aestimanda
521 2100 584 2178 est,
612 2096 663 2160 cui
690 2099 859 2182 tamquam
883 2100 1033 2183 aniculis,
1061 2105 1096 2165 et
1122 2101 1165 2167 iis

147 2186 276 2269 quidem
294 2185 443 2267 indoctis,
466 2184 536 2249 fato
559 2185 630 2248 fieri
653 2186 824 2251 videantur
844 2187 974 2252 omnia?
1009 2187 1165 2272 Sequitur

146 2274 285 2358 μαντικὴ
309 2277 430 2356 vestra,
459 2295 540 2358 quae
568 2271 686 2339 Latine
714 2275 908 2341 divinatio
937 2276 1068 2359 dicitur,
1099 2300 1163 2361 qua

146 2366 240 2427 tanta
267 2364 474 2426 inbueremur
507 2363 751 2447 superstitione,
783 2364 812 2427 si
839 2386 896 2429 vos
926 2364 1036 2428 audire
1065 2366 1165 2431 velle-

146 2475 228 2535 mus,
250 2455 287 2516 ut
304 2450 502 2534 haruspices,
522 2472 669 2536 augures,
691 2451 819 2536 harioli,
842 2458 942 2536 vates,
962 2453 1163 2519 coniectores

93 2553 127 2604 oc
145 2540 241 2606 nobis
266 2545 375 2605 essent
402 2539 537 2607 colendi.
583 2539 643 2604 His
668 2540 846 2605 terroribus
875 2542 916 2606 ah
943 2539 1089 2626 Epicuro
1113 2564 1165 2607 so

146 2630 209 2694 luti
234 2632 266 2693 et
288 2629 324 2692 in
342 2629 527 2694 libertatem
547 2628 702 2693 vindicati
719 2649 778 2692 nec
797 2630 969 2694 metuimus
989 2651 1054 2713 eos,
1079 2652 1162 2716 quos

146 2718 366 2802 intellegimus
397 2740 457 2782 nec
494 2717 557 2781 sibi
588 2717 711 2802 fingere
747 2717 848 2781 ullam
885 2718 1071 2783 molestiam
1103 2740 1164 2785 nec

148 2807 241 2870 alteri
273 2828 440 2890 quaerere,
477 2809 510 2869 et
541 2805 592 2888 pie
630 2809 804 2888 sancteque
836 2807 974 2871 colimus
1010 2811 1165 2872 naturam

148 2895 357 2959 excellentem
395 2898 491 2977 atque
527 2898 756 2975 praestantem.
810 2891 872 2958 Sed
909 2896 1014 2960 elatus
1053 2896 1164 2961 studio

148 3005 261 3047 vereor
287 3004 327 3046 ne
357 2981 486 3066 longior
514 2982 639 3047 fuerim.
687 2981 777 3046 Erat·
797 2987 905 3047 autem
934 2983 1066 3048 difficile
1093 3006 1164 3049 rem

147 3073 273 3134 tantam
314 3075 444 3156 tamque
490 3071 689 3153 praeclaram
733 3070 922 3136 inchoatam
965 3073 1163 3158 relinquere;

148 3178 344 3242 quamquam
371 3182 437 3224 non
459 3162 527 3224 tam
556 3158 682 3223 dicendi
708 3159 792 3224 ratio
821 3159 901 3224 mihi
927 3160 1077 3226 habenda
1101 3161 1165 3226 fuit

149 3266 245 3327 quam
269 3246 427 3311 audiendi.

65 3458 155 3600 Ἳ.

547 3373 760 3382 ——-..
