2476 3848
396 853 444 926 M.
473 854 616 926 TULLI
643 853 889 928 CICERONIS

189 1018 261 1102 Dll
292 1016 512 1104 orliens
544 1016 616 1100 AD
648 1016 876 1102 MARCUM
907 1016 1094 1102 FILIUM

462 1206 583 1266 urnae
606 1205 823 1266 sncuunus.

477 1485 806 1548 ARGUMENTUM.

210 1605 358 1675 Proposito
377 1604 552 1685 argumento,
576 1602 612 1656 de
636 1618 691 1670 quo
715 1601 770 1656 hoo
788 1601 861 1655 libro
881 1618 914 1656 ex
931 1600 1084 1672 partitione
1104 1618 1148 1672 ee,

141 1691 224 1743 quam
242 1675 272 1728 in
289 1675 381 1744 priore
399 1674 472 1728 hbro
491 1673 609 1740 fecerat,
628 1672 821 1741 disputaturus
841 1671 890 1737 sit,
909 1672 1031 1742 primum
1047 1688 1147 1742 prooe-

140 1745 227 1798 mium
244 1744 314 1799 facit
331 1744 368 1797 M.
388 1743 496 1798 Tullius
515 1742 680 1812 explicando
700 1742 734 1796 (16
753 1741 810 1795 suis
828 1742 1024 1812 philosophiae
1043 1740 1147 1796 studiis

141 1817 171 1868 et
188 1814 386 1884 scriptionibus
404 1830 438 1867 66
456 1813 490 1866 (16
508 1813 617 1865 ratione
635 1811 854 1882 philosophandi
868 1811 1046 1881 Academica,
1063 1812 1097 1865 ut
1110 1811 1147 1866 de

140 1900 196 1938 una
218 1900 327 1952 quaque
352 1899 434 1937 causa
456 1882 487 1936 in
503 1883 649 1950 utramque
668 1883 778 1951 partem
796 1882 956 1951 disputetur
973 1886 1045 1953 (cap.
1066 1888 1090 1949 1,
1108 1885 1146 1951 2).

140 1954 210 2007 Tum
229 1954 423 2023 argumentum
441 1954 545 2006 tractat
561 1951 600 2018 id,
619 1952 654 2006 de
673 1969 727 2020 quo
741 1953 794 2006 hoc
812 1952 885 2007 libro
899 1953 1078 2023 potissimum
1090 1951 1148 2006 sibi

141 2024 289 2078 dicendum
302 2040 363 2078 esse
375 2023 425 2090 ait,
440 2039 473 2076 66
481 2021 602 2092 primum
611 2022 725 2090 quidem
734 2023 769 2075 (16
779 2022 844 2077 61111
853 2023 968 2094 exponit
977 2027 1048 2093 (cap.
1059 2029 1148 2078 3-24

140 2099 156 2159 5
179 2097 299 2162 9-87)‚
323 2094 352 2147 et
374 2092 514 2162 explicata
537 2092 650 2160 quidem
671 2091 803 2146 universa
824 2093 903 2147 utilis
926 2096 1039 2158 natura,
1063 2109 1148 2162 quam

139 2165 227 2232 negat
248 2163 284 2216 ab
305 2162 453 2218 honestate
477 2179 537 2217 esse
561 2162 728 2229 seiunctam,
752 2165 823 2233 (cap.
844 2170 860 2218 3
878 2170 893 2229 5
912 2171 937 2231 9,
958 2168 1001 2231 10)
1025 2163 1080 2218 hoc
1098 2163 1148 2217 ad-

141 2235 263 2300 severat,
287 2233 359 2286 nihil
382 2236 431 2287 aut
452 2233 550 2286 utilius
569 2234 618 2287 aut
635 2233 781 2287 nocentius
801 2250 861 2288 esse
879 2234 1038 2288 hominibus
1056 2234 1087 2287 in
1105 2233 1148 2288 eis

140 2304 231 2373 rebus,
246 2320 316 2371 quae
330 2303 414 2357 utiles
429 2304 493 2369 sint,
508 2319 591 2372 quam
605 2303 733 2357 homines
746 2302 822 2373 ipsos
835 2306 905 2373 (cap.
917 2306 1146 2374 3-5511-16),

141 2392 225 2444 quam
243 2375 279 2428 ob
297 2391 355 2428 rem
374 2373 563 2428 conciliandos
582 2373 689 2428 animos
702 2373 845 2426 hominum
860 2377 890 2428 et
903 2374 939 2427 ad
952 2391 1019 2428 usus
1033 2376 1147 2428 nostros

141 2445 333 2515 adiungendos
352 2461 412 2498 esse
432 2444 510 2511 dicit,
530 2444 605 2512 quod
623 2443 661 2497 sit
678 2453 778 2497 munus
797 2442 909 2498 virtutis
930 2445 1041 2498 exclusa
1060 2444 1148 2499 etiam

141 2516 171 2571 vi
188 2516 317 2571 fortunae
336 2518 408 2586 (cap.
429 2521 453 2582 5,
472 2522 488 2569 6
507 2521 522 2580 5
543 2518 665 2584 17-20).
702 2513 772 2566 Tum
791 2530 902 2583 causas,
926 2532 1010 2583 quam
1033 2515 1069 2570 ob
1086 2531 1146 2569 rem

140 2588 267 2642 homines
285 2587 444 2641 hominibus
463 2584 787 2651 inserviant-enumerat
805 2585 834 2638 et
851 2586 1014 2654 pertractat,
1031 2585 1148 2640 benivo-

140 2658 266 2724 lentiam,
280 2656 502 2722 admirationem,
517 2655 663 2709 commoda
676 2656 792 2723 accepta
806 2656 856 2708 aut
869 2654 1033 2724 accipienda
1048 2658 1118 2726 (cap.
1130 2662 1148 2710 6

141 2730 308 2796 520-22),
332 2728 398 2781 dein
421 2725 571 2795 separatim
594 2724 664 2777 dicit
687 2724 721 2778 de
744 2724 937 2779 benivolentia
960 2727 989 2779 et
1008 2725 1147 2780 contrario

71 2825 78 2838 ·
141 2799 200 2852 eius
223 2798 301 2851 metu
324 2802 394 2867 (cap.
420 2804 444 2861 7,
468 2802 483 2850 8
507 2802 522 2861 5
541 2797 676 2863 23-30),
698 2795 759 2847 tum
782 2795 817 2848 (16
840 2796 931 2863 gloria
955 2798 1026 2865 (cap.
1051 2801 1149 2850 9-14

140 2874 156 2934 5
179 2872 313 2934 31-51),
340 2869 401 2920 tum
426 2866 461 2919 de
484 2865 668 2918 beneficentia
691 2865 720 2918 et
741 2863 912 2919 liberalitate
936 2869 1007 2936 (cap.
1034 2871 1148 2920 15-24

140 2943 156 3002 5
171 2940 295 3005 52-85),
310 2936 429 3004 denique
445 2935 479 2989 de
493 2934 611 2990 aliarum
624 2951 717 2988 rerum
730 2934 855 2990 utilitate
869 2939 940 3006 (cap.
956 2942 991 2989 24
1005 2943 1020 3002 5
1035 2942 1077 3003 86,
1093 2938 1151 3006 87),

140 3008 283 3076 postremo
301 3006 459 3059 utilitatum
477 3005 714 3074 comparationem
732 3003 857 3060 instituit
875 3009 949 3076 (cap
967 3008 1021 3076 25).

103 3219 122 3342 i
209 3253 311 3328 Quem
335 3254 375 3318 ad
403 3253 534 3316 modum
560 3252 667 3318 officia
690 3254 881 3319 ducerentur
904 3256 945 3320 ab
968 3256 1151 3338 honestate,

141 3343 249 3407 Marce
272 3341 329 3425 fili,
353 3344 451 3424 atque
474 3341 515 3404 ab
540 3343 626 3404 omni
652 3362 768 3426 genere
786 3342 927 3426 virtutis,
951 3343 1031 3408 satis
1052 3343 1152 3428 expli-

142 3436 251 3496 catum
266 3430 408 3495 arbitror
422 3428 506 3493 libro
517 3428 690 3512 superiore.
714 3426 874 3514 Sequitur,
887 3434 925 3495 ut
936 3430 1016 3495 haec
1030 3430 1151 3495 officio·

63 3482 70 3567 l
