2476 3848
531 157 769 224 -554-

143 319 325 386 aRomnlo
349 339 426 384 casu
449 321 505 382 aut
527 317 720 383 necessitate
743 316 831 381 facta
854 318 939 400 sunt,
960 319 993 381 et
1011 315 1157 400 disputes

142 430 209 474 non
237 408 370 492 vaganti
399 429 456 471 ors
457 407 559 488 tione,
588 405 643 471 sad
671 404 810 469 defixa'
801 426 835 468 m
862 425 927 468 una
952 426 987 469 re
1014 404 1157 507 publica.

144 497 251 574 Quare
278 517 390 580 perga,
421 498 459 559 ut
480 456 666 576 instituisti3
690 491 874 578 prospicere
902 493 989 558 enim
1016 493 1083 558 iam
1110 493 1157 558 vi·

142 585 221 650 deor
249 588 282 649 ta
314 585 455 668 reliquos
483 603 577 668 reges
607 584 820 666 persequente
854 581 948 666 qnasi
978 580 1157 665 perfectam

93 743 133 808 12
143 671 440 845 τθ1111111111111111111ιὶ1
463 756 580 843 Scipio,
603 779 675 824 cum
697 759 753 823 ille
776 757 908 823 Romuli
932 761 1080 843 senatus,
1103 759 1160 841 qui

90 847 124 896 2³
144 850 317 914 constabat
340 871 378 914 ex
402 848 624 933 optimatibus,
647 847 764 931 quibus
782 847 852 930 ipse
876 866 932 911 rex
950 849 1079 911 tantum
1100 847 1158 911 tri·

143 938 282 1023 buisset,
317 941 354 1002 ut
386 959 442 1002 eos
474 940 584 1020 patres
612 935 712 1002 vellat
743 934 906 1000 nominari
936 933 1157 1018 patriciosque

144 1048 255 1091 eorum
282 1025 416 1110 liberos,
448 1027 626 1107 temptaret
647 1028 725 1108 post
752 1023 885 1088 Romuli
911 1043 1093 1107 excessum,
1120 1026 1159 1088 ut

144 1114 214 1197 ipse
236 1116 364 1199 regeret
387 1114 456 1178 sine
479 1133 555 1197 rege
577 1134 646 1177 rem
669 1111 847 1196 publicam,
872 1110 1012 1196 populus
1036 1111 1070 1176 id
1092 1134 1160 1178 non

143 1202 222 1266 tulit
244 1201 466 1286 desiderioque
489 1200 623 1266 Romuli
649 1204 763 1282 postea
790 1219 898 1284 regem
922 1199 1069 1284 flagitare
1092 1222 1159 1265 non

144 1290 285 1375 destitit3
314 1312 387 1356 cum
410 1289 584 1375 prudenter
611 1290 661 1355 illi
688 1289 849 1374 principes
871 1309 991 1354 novam
1014 1292 1047 1353 et
1069 1288 1160 1354 inan·

144 1379 246 1444 ditem
278 1379 394 1446 ceteris
431 1380 582 1463 gentibus
617 1376 797 1464 interregni
828 1377 960 1442 ineundi
995 1376 1160 1443 rationem

143 1469 423 1553 excogitaverunt,
444 1470 496 1551 ut,
520 1468 626 1552 quoad
649 1470 755 1533 certus
778 1487 835 1531 rex
859 1465 1040 1530 declaratus
1065 1471 1159 1552 esset,

143 1577 202 1621 nec
222 1557 291 1622 sine
314 1577 391 1641 rege
410 1556 524 1621 civitas
547 1576 607 1621 neo
625 1555 777 1621 diuturno
801 1574 878 1639 rege
901 1556 988 1618 esset
1011 1575 1076 1619 uno
1099 1576 1159 1620 nec

144 1645 417 1729 committeretur,
449 1648 487 1709 ut
510 1644 681 1729 quisquam
708 1644 890 1709 inveterata
912 1644 1077 1727 potestate
1101 1647 1159 1708 ant

144 1732 186 1797 ad
215 1733 437 1816 deponendum
464 1733 634 1816 imperium
663 1732 789 1796 tardior
816 1734 901 1796 esset
930 1730 1050 1796 autad
1078 1732 1159 1814 opti-

91 1833 127 1883 24
144 1822 285 1886 nendum
314 1822 478 1887 munitior.
534 1818 604 1896 Quo
633 1820 763 1906 quidem
789 1823 934 1903 tempora
966 1841 1070 1884 novus
1102 1820 1159 1885 ille

143 1910 282 1994 populus
315 1910 396 1975 vidit
424 1913 536 1975 tamen
563 1909 610 1991 id,
642 1908 727 1994 qnod
754 1907 842 1991 fugit
869 1907 1159 1973 Lacedaemonium

143 1997 337 2082 Lycurgum,
361 1998 416 2081 qui
439 2017 549 2080 regem
572 2019 638 2062 non
662 1996 868 2081 deligendum
892 1995 992 2080 duxit,
1015 1996 1158 2085 simodo

143 2085 261 2150 hocin
284 2084 422 2169 Lycurgi
448 2087 611 2167 potestate
638 2085 747 2169 potuit
771 2104 856 2168 esse,
882 2085 938 2149 sed
964 2085 1159 2169 habendum,

145 2173 386 2259 qualiscumque
409 2173 437 2236 is
460 2172 557 2258 foret,
579 2173 634 2257 qui
658 2173 754 2238 modo
779 2177 865 2238 esset
883 2171 1033 2238 Herculis
1058 2173 1159 2257 stirpe

145 2265 331 2347 generatus3
354 2260 460 2326 nostri
478 2261 527 2324 illi
547 2262 647 2326 etiam
669 2266 741 2326 tum
760 2264 906 2347 agrestas
924 2262 1075 2327 viderunt
1094 2264 1159 2328 vir-

144 2354 248 2416 tutem
276 2354 308 2415 et
332 2350 527 2434 sapientiam
553 2353 711 2438 regalem,
739 2372 806 2415 non
832 2350 1020 2435 progeniem
1048 2351 1160 2436 quaeri

146 2442 304 2503 oortere

166 2461 188 2522 p
213 2526 336 2603 Quibus
361 2548 432 2592 cum
456 2548 526 2592 esse
553 2531 774 2612 praestantem
797 2525 939 2592 Numam
961 2527 1159 2612 Pompilium

91 2591 233 2679 2511ιιι1
255 2614 364 2701 ferret,
389 2615 629 2699 praetermissis
658 2616 726 2681 suis
756 2616 881 2681 civibus
908 2637 1018 2702 regern
1046 2617 1159 2681 alieni-

145 2722 261 2787 genam
283 2705 432 2788 patribus
457 2704 642 2769 auctoribus
670 2703 765 2769 sibi
756 2726 826 2789 rpse
855 2706 992 2788 populus
1022 2704 1160 2771 adscivit

145 2814 281 2876 eumque
318 2792 357 2856 ad
395 2793 595 2878 regnandum
632 2790 788 2857 Sabinum
823 2793 989 2858 hominem
1021 2791 1159 2859 Romam

14 2910 17 2915 ·
145 2878 284 2946 Curibus
303 2881 427 2946 accivit.
466 2880 529 2957 Qui
547 2885 584 2946 ut
602 2881 665 2945 huo
683 2882 781 2966 venit,
804 2904 1001 2966 quamquam
1019 2884 1158 2967 populus

146 2971 278 3035 curiatis
301 2990 374 3034 eum
398 2970 497 3035 comit
484 2969 538 3033 tiis
561 2990 671 3053 regem
694 2991 765 3034 esse
788 2969 937 3050 iusserat,
959 2975 1070 3036 tamen
1088 2971 1159 3056 ipse

146 3056 185 3122 de
208 3079 267 3122 suo
290 3056 426 3143 imperio
450 3058 554 3123 ouriat
556 3080 609 3123 am
628 3059 772 3144 legcmt
758 3059 844 3137 tulit,
866 3020 1077 3143 honiinesqne
1095 3059 1160 3126 Ro·

144 3165 259 3209 manos
283 3145 377 3211 instrt
378 3150 434 3211 uto
400 3146 594 3212 tRomuli
625 3146 752 3212 bellicis
785 3109 971 3213 studiist
934 3151 971 3213 ut
1000 3149 1145 3214 uiditin
1109 3171 1159 3212 ιιι-

145 3252 272 3316 censos,
306 3235 503 3300 existimavit
530 3257 585 3301 eos
612 3236 746 3319 paulum
774 3237 815 3300 ab
843 3236 901 3300 illa
929 3236 1158 3302 consuetudins

63 3302 239 3613 xasa
239 3322 445 3387 revocandos.

105 3449 123 3506 g
212 3411 260 3474 Ac
290 3411 430 3493 primum
461 3432 570 3496 agros,
602 3433 683 3497 quos
712 3411 799 3477 bello
832 3411 990 3478 Romulus
1021 3418 1159 3499 ceperat,

163 3496 256 3564 irisit
285 3499 407 3565 viritim
443 3500 568 3565 civibus
603 3499 775 3586 docuitque
805 3502 874 3566 sins
906 3501 1157 3586 depopulatione

95 2488 135 2552 13
