2476 3848
556 179 796 245 -162-

170 364 209 406 ex
228 363 265 408 eo
285 341 408 424 decoro,
426 339 512 424 quod
530 344 647 424 po'e'tae
666 343 857 423 sequuntur3
881 337 920 402 dc
939 359 1002 421 quo
1021 337 1085 402 alio
1104 337 1177 404 loco

169 431 265 515 plura
288 429 350 494 dici
368 428 482 493 solent.
514 425 577 492 Sed
594 431 665 491 tum
688 448 816 492 servare
838 425 921 491 illud
942 430 1068 510 poetas,
1091 427 1178 510 quod

171 517 291 601 deceat,
313 517 457 599 dicimus,
480 537 553 580 cum
570 515 612 598 id,
636 514 722 599 quod
739 535 866 598 quaque
883 534 1023 598 persona
1042 513 1177 598 dignum

171 609 230 689 est,
253 608 285 670 et
307 604 345 668 fit
368 608 401 669 et
424 603 553 686 dicitur3
576 607 622 686 ut,
645 603 674 667 si
686 602 812 667 Aeacus
836 605 893 667 aut
910 601 1017 665 Minos
1041 601 1177 667 diceret:

260 676 433 775 Oderint,
457 692 541 756 dum
564 693 754 775 metuant,
827 775 830 781 Ι

172 785 242 846 aut:

394 863 498 931 natis
522 865 725 948 sepulchro
748 864 831 948 ipse
855 866 914 929 e'st
936 886 1089 949 parens,

172 955 357 1019 indecorum
374 954 545 1036 videretur,
564 951 649 1036 quod
669 973 723 1016 eos
741 951 841 1016 fuisse
859 951 963 1016 iustos
983 953 1179 1037 accepimus,

173 1046 208 1107 at
230 1041 332 1106 Atreo
356 1041 481 1106 dicente
503 1040 636 1125 plausus
664 1039 857 1123 excitantur3
888 1043 937 1104 est
965 1040 1051 1104 enim
1079 1040 1179 1126 digna

172 1150 312 1214 persona
334 1129 448 1193 oratio.
485 1127 547 1193 Sed
569 1131 693 1212 poetae,
717 1127 794 1211 quid
812 1149 971 1212 quemque
995 1128 1115 1212 deceat,
1138 1151 1179 1192 ex

173 1239 312 1302 persona
337 1216 539 1299 iudicabunt,
564 1215 658 1280 nobis
686 1220 795 1280 autem
824 1237 997 1300 personam
1023 1215 1179 1301 imposuit

172 1307 246 1390 ipsa
276 1309 394 1370 nutura
425 1325 544 1389 magna
580 1325 652 1368 cum
689 1304 879 1368 excellentia
914 1305 1179 1388 praestantiaque

121 1409 155 1459 98
175 1392 388 1458 animantium
414 1392 620 1474 reliquarum.
666 1389 823 1466 Quocirca
851 1396 967 1476 po'e’tae
993 1393 1027 1456 in
1059 1413 1180 1477 magna

173 1481 331 1547 varietate
358 1502 583 1566 personarum,
615 1478 714 1544 etiam
741 1479 868 1544 vitiosis
901 1480 979 1563 quid
1009 1482 1180 1545 conveniat

175 1573 207 1635 et
230 1570 307 1653 quid
329 1568 453 1653 deceat,
479 1568 647 1651 videbunt,
672 1566 768 1632 nobis
792 1571 901 1632 autem
924 1590 997 1633 cum
1020 1591 1040 1632 a
1061 1572 1181 1633 natura

175 1657 390 1740 constantiae,
417 1655 661 1739 moderationis,
690 1656 937 1740 temperantiae,
970 1655 1180 1721 verecundiae

174 1750 284 1830 partes
308 1746 402 1810 datae
426 1745 504 1827 sint,
532 1765 667 1826 cumque
696 1743 807 1808 eadem
833 1747 952 1808 natura
980 1745 1092 1809 doceat
1113 1765 1182 1808 non

114 1845 117 1849 ’
174 1835 356 1919 neglegere,
379 1853 474 1914 quem
498 1832 538 1896 ad
560 1832 692 1895 modum
709 1852 770 1895 nos
789 1831 942 1896 adversus
961 1832 1108 1896 homines
1128 1852 1181 1916 ge-

175 1943 293 2003 ramus,
317 1919 463 2002 efficitur,
485 1922 523 1983 ut
546 1923 579 1982 et
601 1919 691 2002 illud,
715 1919 800 2002 quod
824 1919 865 1984 ad
883 1940 1012 1985 omnem
1029 1919 1181 1984 honesta·

174 2012 242 2073 tem
264 2007 414 2091 pertinet,
438 2006 587 2070 decorum
610 2027 708 2089 quam
730 2007 797 2071 late
819 2006 928 2072 fusum
947 2007 999 2092 sit,
1023 2011 1180 2092 appareat

176 2099 209 2159 et
230 2094 301 2177 hoc,
324 2095 410 2178 quod
433 2097 598 2177 spectatur
619 2094 654 2158 in
676 2115 740 2159 uno
760 2116 886 2178 quoque
905 2116 1022 2181 genere
1039 2095 1181 2160 virtutis.

176 2182 223 2247 Ut
241 2182 326 2246 enim
344 2181 549 2266 pulchritudo
569 2181 714 2267 corporis
732 2186 811 2267 apta
829 2183 1063 2267 compositione
1081 2205 1183 2248 mem-

176 2270 308 2334 brorum
331 2274 440 2334 movet
463 2270 573 2335 oculos
596 2274 629 2334 ct
652 2268 790 2335 delectat
807 2269 870 2336 hoe
887 2271 970 2356 ipso,
993 2271 1079 2355 quod
1096 2272 1182 2336 inter

178 2380 212 2422 se
235 2379 346 2422 omnes
368 2362 479 2442 partes
502 2380 575 2423 cum
598 2357 738 2442 quodam
760 2359 871 2441 lepore
894 2359 1112 2443 consentiunt,
1136 2359 1182 2424 sic

176 2446 239 2511 hoc
252 2446 411 2530 decorum,
430 2446 515 2531 quod
532 2446 635 2511 elucet
648 2446 683 2510 in
696 2445 773 2529 rita,
792 2449 901 2512 movet
915 2446 1184 2531 adprobationem

178 2556 297 2618 eorum,
312 2534 502 2619 quibuscum
517 2535 645 2617 vivitur,
661 2534 771 2598 ordine
786 2537 819 2597 ct
833 2534 1016 2599 constantia
1030 2538 1063 2598 et
1076 2534 1183 2598 mode-

124 2635 158 2685 99
178 2623 304 2688 ratione
327 2623 486 2687 dictorum
505 2623 649 2687 omnium
667 2626 764 2705 atque
782 2620 952 2686 factorum.
988 2620 1184 2686 Adhibenda

179 2716 228 2776 est
255 2711 357 2797 igitur
388 2710 545 2795 quaedam
577 2709 758 2776 reverentia
787 2708 940 2774 adversus
971 2709 1119 2774 homines
1150 2714 1184 2773 et

179 2794 1091 2970 3¹3tl,stitusrt{liltllbltlttstb
1107 2797 1185 2950 111

580 2935 589 2968 7

180 2973 278 3037 ctiam
302 2974 432 3038 omnino
456 2973 613 3038 dissoluti.
657 2972 719 3037 Est
742 2976 864 3052 autem,
892 2974 978 3058 quod
1000 2936 1128 3039 differdt
1149 2973 1185 3038 in

180 3060 347 3124 hominum
369 3061 495 3126 ratione
517 3061 666 3126 habenda
688 3061 773 3126 inter
795 3061 957 3127 iustitiam
980 3066 1013 3127 et
1036 3083 1186 3127 verecun-

181 3148 276 3212 diam.
306 3147 455 3212 Iustitiae
473 3154 583 3233 partes
602 3154 679 3215 sunt
696 3171 762 3214 non
779 3149 902 3215 violare
920 3151 1077 3233 homines,
1098 3170 1185 3213 vere-

181 3235 314 3301 cundiae
336 3257 402 3299 non
425 3236 598 3321 offendere,
620 3239 736 3321 inquo
755 3260 904 3303 maxume
922 3238 972 3303 vis
991 3236 1186 3321 perspicitur

181 3323 297 3390 decori.
332 3321 393 3387 His
416 3324 518 3409 igitur
541 3325 705 3410 expositis,
728 3326 824 3408 quale
843 3327 887 3390 sit
904 3325 946 3409 id,
970 3324 1056 3408 quod
1075 3325 1186 3389 decere

182 3412 325 3496 dicimuS,
349 3412 552 3478 intellectum
574 3416 663 3497 puto.

59 3510 179 3634 Ἱοο
247 3500 397 3566 Officium
420 3504 537 3584 autem,
560 3500 645 3584 quod
669 3501 717 3566 ab
728 3522 766 3567 eo
785 3500 920 3585 ducitur,
943 3499 1028 3566 hanc
1046 3500 1189 3586 primum
