2476 3848
505 167 743 231 „434-

121 327 368 395 inbecillitatem
396 325 570 390 difficultas
598 325 729 389 minime
753 325 839 390 cadit
860 325 895 389 in
917 325 1123 391 maiestatem

123 418 262 482 deorum.
306 414 357 478 Ex
381 435 444 496 quo
467 413 606 478 efficitur
628 413 669 495 id,
693 413 778 497 quod
800 413 962 498 volumus,
990 413 1124 478 deorum

122 501 325 589 providentia
347 501 500 565 mundum
523 500 752 564 administrari.
787 499 890 584 Atqui
911 522 1041 565 necesse
1064 505 1124 585 est,

122 614 195 657 cum
215 591 280 654 sint
298 589 340 672 di,
362 587 504 652 simodo
524 589 608 670 sunt,
630 591 668 651 ut
680 586 826 671 prolecto
841 590 925 670 sunt,
948 587 1124 652 animantis

122 700 205 762 esse,
234 699 292 742 nec
322 676 427 741 solum
455 674 642 756 animantis,
672 674 728 738 sed
755 674 854 738 etiam
881 675 1016 739 rationis
1040 697 1126 740 com·

122 770 215 851 potes
238 764 323 829 inter
345 784 441 846 seque
461 762 554 846 quasi
572 761 659 827 civili
676 761 900 826 conciliatione
918 766 951 826 et
970 763 1126 828 societate

123 853 324 934 coniunctos,
347 872 447 914 unum
469 849 624 913 mundum
645 851 684 913 ut
706 870 908 913 communem
929 871 998 913 rem
1020 851 1127 934 publi·

72 955 104 1004 19
123 963 194 1006 cam
230 942 327 1021 atque
363 937 476 1002 urbem
513 937 656 1019 aliquam
687 936 837 1021 regentis.
888 934 1051 1021 Sequitur,
1088 941 1126 1002 ut

124 1027 236 1092 eadem
259 1028 302 1089 sit
320 1025 354 1087 in
372 1024 421 1107 iis,
445 1045 525 1107 quae
543 1024 685 1088 humano
701 1023 738 1086 in
756 1044 880 1108 genere,
898 1024 993 1109 ratio,
1014 1025 1127 1089 eadem

123 1114 243 1180 veritas
274 1111 446 1194 utrobique
479 1111 522 1175 sit
554 1110 727 1193 eademque
758 1112 823 1194 lex,
855 1132 936 1193 quae
968 1115 1018 1175 est
1044 1114 1128 1177 recti

123 1200 306 1286 praeceptio
325 1199 479 1282 pravique
499 1198 652 1282 depulsio.
683 1197 734 1262 Ex
753 1219 816 1280 quo
833 1198 1034 1283 intellegitur
1051 1221 1128 1284 pru-

125 1289 266 1353 dentiam
297 1307 422 1369 quoque
452 1289 485 1349 11
515 1289 656 1349 mentem
684 1307 703 1348 a
732 1285 798 1348 deis
823 1285 864 1349 ad
886 1285 1031 1351 homines
1055 1309 1128 1372 per·

124 1376 261 1457 venisse,
290 1374 331 1438 ob
356 1395 488 1456 eamque
512 1394 641 1437 causam
664 1371 822 1436 maiorum
843 1372 1003 1437 institutis
1025 1397 1127 1459 mens,

124 1463 212 1547 fides,
230 1462 343 1545 virtus,
361 1460 531 1526 concordia
549 1463 754 1524 consecratae
774 1463 806 1523 et
819 1460 947 1542 publice
961 1461 1127 1527 dedicatae

125 1553 208 1613 sunt.
245 1547 333 1625 Quae
357 1548 413 1632 qui
435 1547 584 1613 convenit
602 1568 699 1630 penes
719 1546 795 1611 deos
814 1568 883 1611 esse
901 1569 1029 1632 negare,
1052 1571 1127 1613 cum

125 1659 235 1702 eorum
254 1640 393 1721 augusta
411 1639 443 1700 et
462 1638 573 1700 sancta
588 1635 759 1698 simulacra
772 1637 982 1699 veneremur?
1005 1635 1127 1711 Quodsi

124 1725 209 1789 inest
227 1725 262 1788 in
278 1724 445 1788 hominum
456 1743 571 1807 genere
592 1743 692 1804 mens,
709 1721 798 1804 fides,
816 1721 929 1804 virtus,
948 1724 1126 1807 concordia,

125 1813 208 1878 unde
239 1813 319 1876 hacc
350 1813 531 1874 interram
557 1809 621 1872 nisi
649 1808 689 1873 ab
717 1808 842 1892 superis
871 1809 1008 1874 defluere
1033 1815 1128 1895 potu·

126 1899 242 1963 erunt?
287 1897 431 1981 Cumque
459 1897 524 1961 sint
549 1896 585 1959 in
606 1896 700 1959 nobis
724 1896 908 1980 consilium,
932 1897 1031 1981 ratio,
1053 1920 1128 1982 pru·

127 1985 243 2068 dentis,
265 2005 394 2048 necesse
418 1986 467 2047 est
491 1983 566 2047 deos
588 1982 668 2046 haec
685 1983 758 2066 ipsa
778 1983 896 2048 habere
913 1985 1046 2070 maiora,
1067 2008 1128 2051 nec

127 2072 246 2136 habere
270 2071 384 2154 solum,
408 2070 463 2133 sed
487 2070 584 2133 etiam
606 2069 647 2133 iis
670 2070 720 2133 uti
741 2071 776 2134 in
798 2071 957 2135 maxumis
980 2076 1013 2137 et
1036 2077 1128 2157 optu-

73 2165 108 2215 80
127 2160 188 2223 mis
210 2157 319 2241 rebus3
342 2157 424 2220 nihil
448 2160 555 2220 autem
576 2178 635 2221 nec
658 2157 762 2221 maius
785 2179 844 2222 neo
861 2159 976 2223 melius
995 2161 1129 2244 mund03¹

125 2265 254 2310 necesse
282 2247 332 2307 est
360 2265 436 2329 ergo
461 2266 534 2308 eum
556 2243 689 2309 deorum
712 2245 846 2310 consilio
869 2250 902 2310 et
923 2247 1129 2331 providentia

126 2331 354 2398 administrari.
385 2331 554 2396 Postremo
573 2353 647 2396 cum
666 2332 745 2396 satis
765 2332 965 2398 docuerimus
983 2335 1042 2399 hos
1057 2356 1129 2401 esse

126 2421 212 2504 deos,
236 2441 372 2503 quorum
394 2419 553 2504 insignem
576 2419 642 2483 vim
666 2423 699 2483 11
720 2419 892 2484 inlustrem
909 2420 1025 2486 faciem
1043 2422 1129 2488 vide-

127 2529 243 2591 remus,
267 2508 368 2571 solem
392 2507 461 2573 dico
485 2510 518 2570 ct
540 2507 651 2570 lunam
675 2509 709 2570 11
730 2527 831 2591 vagas
855 2508 968 2573 1111111
991 2509 1130 2574 1111111-

126 2598 236 2658 rantes
267 2598 300 2658 11
322 2595 446 2659 caelum
470 2597 502 2658 et
525 2594 679 2657 mundum
700 2593 808 2677 ipsum
832 2598 864 2658 et
887 2618 998 2660 earum
1019 2619 1130 2662 rerum

126 2681 206 2765 vim,
236 2703 317 2765 quae
346 2682 489 2745 inessent
515 2681 550 2744 in
578 2680 666 2744 omni
688 2681 807 2745 mundo
831 2704 903 2746 oum
926 2705 1045 2769 magno
1067 2707 1131 2750 usu

128 2772 160 2832 et
187 2769 414 2834 commoditate
442 2767 568 2853 generis
590 2767 739 2852 humani,
767 2768 905 2833 efficitur
928 2771 1037 2835 omnia
1058 2772 1131 2857 regi

128 2855 236 2921 divina
263 2860 369 2920 mente
395 2859 491 2938 atque
513 2854 691 2938 prudentia.
737 2855 786 2921 Ac
809 2856 847 2920 de
869 2857 976 2941 prima
999 2858 1130 2942 quidem

75 2947 221 3054 32parte
244 2943 324 3008 satis
347 2943 468 3008 dictum
491 2945 548 3006 est.

74 3063 108 3114 81
194 3027 354 3114 Sequitur,
376 3034 413 3094 ut
436 3030 568 3094 doceam
591 3030 699 3095 omnia
723 3030 868 3096 subiecta
890 3053 960 3096 1111
982 3035 1131 3118 naturae,

128 3137 227 3200 eaque
251 3117 291 3182 ab
316 3139 353 3181 ea
375 3116 587 3200 pulcherrime
609 3117 686 3200 geri.
731 3115 793 3182 Sed
816 3118 893 3202 quid
916 3119 959 3183 sit
981 3119 1053 3202 ipsa
1074 3142 1132 3185 na-

127 3204 214 3286 tura,
242 3204 466 3286 explicandum
493 3207 542 3267 est
570 3207 646 3268 ante
668 3204 822 3289 breviter,
851 3228 914 3290 quo
936 3206 1064 3271 facilius
1086 3207 1131 3291 id,

128 3291 214 3368 quod
241 3290 353 3355 docere
380 3291 542 3374 volumus,
569 3290 717 3376 intellegi
743 3293 856 3376 possit.
901 3291 1050 3377 Namque
1073 3295 1133 3359 alii

186 3399 279 3442 uram
302 3398 371 3441 esse
395 3381 527 3442 censent
549 3377 615 3443 vim
639 3379 799 3463 quandam
817 3380 886 3445 sine
904 3380 1030 3446 ratione
1048 3380 1133 3449 cien-

60 3378 324 3629 &motus
347 3463 383 3527 in
405 3465 591 3549 corporibus
613 3466 825 3552 necessarios,
853 3467 910 3533 alii
933 3471 1041 3534 autem
1063 3469 1134 3535 vim

166 3577 180 3630 b

70 468 110 594 c
