2476 3848
475 163 714 230 -551-

91 321 227 389 Graecia
253 323 421 389 verissime
448 324 566 408 dicere,
593 347 668 390 nam
696 329 728 390 et
755 324 827 410 ipsa
849 324 1090 408 Peloponnesus
1146 401 1147 404 Ἴ

91 411 158 477 fere
180 415 252 475 tota
273 411 309 477 in
329 412 412 476 mari
435 416 498 496 est,
518 412 524 495 1
542 434 602 479 nec
623 416 752 497 praeter
773 412 956 498 Phliuntios
979 414 1020 491 [p.
1038 427 1090 475 228

92 499 152 563 ulli
175 501 258 581 sunt,
282 520 419 582 quorum
443 499 514 584 agri
535 521 602 566 non
621 500 811 585 contingent
828 521 926 582 mare,
948 503 981 562 et
1000 502 1091 562 extre

91 585 350 670 Peloponnesum
373 585 534 652 Aenianes
558 592 591 652 et
612 586 710 652 Doris
732 591 765 652 et
786 587 928 671 Dolopes
952 585 1014 651 soli
1037 586 1091 651 ab·

41 721 42 724 ,
93 677 169 738 sunt
201 696 221 738 a
251 673 357 738 mari(
392 672 475 750 Quid
508 675 613 740 dicam
643 675 767 740 insulas
799 673 971 739 Graeciae?
1008 694 1090 758 quae

91 762 243 827 fluctibus
270 762 393 826 cinctae
419 766 535 827 natant
561 783 662 847 paene
689 763 778 846 ipsae
803 763 899 826 simul
921 783 994 826 cum
1016 760 1091 826 eivi-

91 853 198 913 tatum
219 849 380 914 institutis
403 853 436 914 et
458 850 611 914 moribus.
650 847 758 932 Atque
780 849 860 913 haec
883 848 1024 932 quidem,
1052 851 1090 912 ut

92 958 191 1021 supra
218 936 297 1019 dixi,
328 937 448 1003 veteris
475 941 551 1002 sunt
574 936 734 1002 Graeciae.
780 935 986 1002 Coloniarum
1013 957 1089 1001 vero

92 1045 175 1108 quae
203 1028 253 1088 est
280 1025 415 1089 deducte
442 1046 461 1088 2
484 1023 590 1089 Graiis
617 1025 652 1088 in
673 1023 801 1107 Asiam,
828 1023 1001 1107 Thracam,
1026 1023 1091 1088 Ita-

92 1113 184 1195 liam,
221 1109 376 1195 Siciliam,
412 1110 558 1176 Africam
592 1114 721 1196 praeter
752 1134 851 1177 unam
881 1111 1090 1197 Magnesiam,

93 1221 190 1282 quam
216 1198 302 1263 unda
324 1221 390 1263 non
413 1199 545 1270 adluat?
577 1197 629 1262 Ita
650 1198 865 1263 barbarorum
888 1201 975 1284 agris
999 1200 1091 1282 quasi

93 1286 224 1351 adtexta
249 1287 253 1370 Ι
278 1286 435 1369 quaedam
461 1286 587 1351 videtur
614 1307 672 1350 ore
699 1307 768 1350 esse
791 1285 958 1370 Graeciee;
981 1289 1020 1366 [p.
1039 1302 1089 1350 229

92 1396 169 1438 nam
195 1374 382 1438 obarbaris
406 1373 534 1457 quidem
555 1373 635 1457 ipsis
657 1374 741 1438 nulli
763 1377 854 1438 erant
877 1377 973 1439 antea
996 1373 1091 1438 mori·

92 1461 176 1526 tumi
192 1464 321 1544 praeter
333 1461 489 1526 Etruscos
504 1465 537 1525 et
549 1460 685 1544 Poenos,
703 1461 798 1526 alteri
811 1461 972 1528 mercandi
986 1482 1091 1544 csusa,

92 1548 307 1614 latrocinandi
334 1549 437 1613 elteri.
482 1547 570 1623 Quae
598 1566 701 1614 causa·
721 1549 890 1633 perspicua
916 1552 966 1614 est
992 1549 1091 1613 malo-

92 1658 165 1702 rum
200 1637 551 1719 commutationumque
582 1635 734 1701 Graeciae
770 1640 903 1721 propter
938 1657 976 1700 ea
1011 1635 1091 1702 vitia

93 1724 330 1791 maritimarum
351 1724 489 1808 urbium,
513 1746 593 1807 quae
614 1726 690 1788 ente
707 1725 805 1807 paulo
823 1724 1021 1807 perbreviter
1039 1723 1091 1787 ad-

93 1812 163 1897 tigi.
209 1809 271 1876 Sed
297 1815 408 1877 tamen
434 1812 469 1876 in
495 1811 545 1876 his
568 1811 657 1876 vitiis
679 1811 764 1875 inest
786 1811 845 1875 illa
866 1832 986 1896 magne
1008 1815 1091 1876 com-

94 1899 246 1982 moditas,
278 1903 324 1983 et,
356 1899 441 1984 quod
469 1900 587 1985 ubique
618 1898 763 1985 genitum
787 1902 792 1976 Ι
817 1901 880 1982 est,
911 1902 948 1964 ut
980 1900 1020 1978 [p.
1039 1913 1091 1964 230

92 1987 135 2051 ad
157 2009 229 2052 eam
246 1988 369 2070 urbem,
393 2009 489 2070 quam
507 1987 640 2070 incolas,
658 1987 763 2071 possit
781 1985 907 2069 adnare,
930 1988 963 2050 et
980 2007 1090 2051 rursus

92 2079 130 2139 ut
157 2075 204 2158 id,
233 2074 319 2158 quod
346 2075 418 2160 agri
441 2075 575 2139 efferant
598 2074 661 2157 sui,
688 2095 902 2157 quascumque
929 2073 1031 2139 velint
1057 2073 1091 2138 in

92 2165 206 2246 terras,
229 2166 361 2247 portare
383 2162 510 2246 possint
533 2184 570 2227 ac
592 2163 729 2227 mittere.

159 2249 220 2324 Qui
251 2249 359 2333 potuit
388 2248 490 2332 igitur
520 2249 657 2314 divinius
687 2252 720 2312 et
746 2248 906 2313 utilitates
933 2249 1091 2332 conplecti

93 2338 274 2402 maritimas
293 2335 450 2400 Romulus
473 2338 506 2399 et
526 2336 607 2401 vitia
624 2336 736 2420 vitare,
759 2357 856 2419 quam
875 2336 960 2419 quod
978 2337 1091 2400 urbem

93 2424 242 2510 perennis
265 2423 369 2488 amnis
392 2428 425 2487 et
448 2423 627 2508 aequabilis
650 2427 682 2487 et
704 2422 739 2486 in
760 2445 849 2488 mare
871 2424 938 2487 late
960 2423 1091 2487 influen-

1109 863 1125 911 9

1109 2219 1143 2344 t

92 2513 136 2576 tis
167 2511 277 2596 posuit
307 2511 343 2576 in
372 2510 465 2595 ripa?
498 2533 560 2594 quo
591 2512 702 2594 posset
733 2510 811 2575 urbs
841 2514 874 2575 et
902 2510 1044 2595 occipere
1072 2532 1092 2575 a
1163 2590 1164 2598 ἵ

92 2599 184 2682 mari,
199 2621 263 2684 quo
277 2602 395 2684 egeret,
409 2602 442 2662 et
455 2598 594 2682 reddere,
609 2619 671 2683 quo
685 2597 888 2682 redundaret,
903 2595 908 2684 Ι
924 2619 974 2663 eo·
989 2600 1029 2678 [p.
1039 2613 1090 2663 231

92 2687 228 2770 demque
255 2690 292 2752 ut
313 2686 444 2751 flumine
466 2707 517 2750 res
541 2685 582 2750 ad
603 2685 724 2751 victum
746 2686 931 2769 cultumque
953 2685 1091 2750 maxime

91 2775 289 2840 necessarias
315 2795 381 2838 non
407 2774 513 2838 solum
540 2773 622 2837 mari
647 2772 883 2856 †sbsorberet,
910 2772 966 2837 sed
992 2772 1091 2837 etiam

91 2860 236 2926 invectas
255 2861 413 2944 acciperet
431 2882 468 2924 ex
486 2865 582 2944 terra,
604 2863 641 2925 ut
659 2860 740 2925 mihi
757 2860 824 2924 iam
841 2863 911 2925 tum
930 2860 1091 2925 divinasse

90 2947 147 3011 ille
169 2948 317 3012 videatur
339 2947 423 3013 hanc
444 2948 557 3012 urbem
579 2948 686 3012 sedem
709 2947 881 3030 aliquando
905 2951 938 3011 et
960 2947 1091 3011 domum

91 3055 216 3100 summo
247 3055 316 3100 esse
343 3034 478 3118 imperio
506 3035 740 3119 praebituram3
770 3057 847 3100 nam
873 3034 956 3099 hanc
983 3056 1090 3099 rerum

89 3126 218 3187 tentam
248 3121 429 3206 potentiam
459 3143 526 3187 non
555 3122 656 3186 ferme
671 3121 814 3187 Ι22211222
840 3123 910 3187 ulla
936 3122 971 3186 in
996 3127 1108 3207 parte¹

90 3209 206 3274 Italiae
227 3209 335 3293 posito
356 3210 433 3274 urbs
456 3213 564 3274 tenere
585 3209 754 3294 potuisset.

156 3296 254 3369 Urbis
274 3299 383 3384 autem
402 3297 503 3381 ipsius
521 3297 633 3361 nativa
647 3296 808 3380 praesidia
823 3297 894 3380 quis
906 3293 910 3383 1
923 3300 973 3361 est
987 3299 1027 3376 [p.
1038 3313 1088 3361 232

91 3389 160 3450 tam
182 3385 356 3469 neglegens
379 3384 435 3467 qni
456 3404 523 3448 non
543 3383 663 3449 habeat
682 3385 790 3449 animo
807 3388 922 3449 notata
939 3404 976 3448 ac
992 3385 1089 3467 plane

89 3472 242 3558 cognita?
265 3471 354 3536 euius
377 3471 406 3535 is
429 3475 478 3535 est
500 3474 624 3537 tractus
643 3471 820 3556 ductusque
839 3472 923 3536 muri
941 3493 1013 3536 cum
1026 3471 1089 3536 Ro-

1109 3275 1172 3407 A,
