2476 3848
524 194 675 260 -386
723 230 761 242 —

144 373 249 437 amus,
273 354 323 417 sin
346 354 451 416 autem
474 351 556 416 nihil
579 351 828 435 denuntiabitur,
851 372 889 416 eo
911 355 1021 418 tamen
1043 353 1148 417 simus

145 439 268 525 animo,
289 442 326 503 ut
347 438 533 504 horribilem
556 439 646 504 illum
669 439 753 503 diem
775 439 861 521 aliis,
883 440 977 504 nobis
1001 439 1146 505 faustum

142 531 292 612 putemus
319 527 464 612 nihilque
491 527 525 592 in
552 527 644 591 malis
671 527 837 609 ducamus,
867 527 950 612 quod
979 526 1023 591 sit
1049 527 1102 592 vel
1126 551 1147 594 a

143 614 193 679 dis
219 614 444 680 inmortalibus
471 614 523 679 vel
551 621 712 680 enatura
739 618 871 698 parente
898 616 1040 680 omnium
1068 637 1147 680 oon·

143 702 303 767 stitutum.
338 700 414 766 Non
434 703 518 766 enim
537 706 656 767 temere
674 723 732 767 neo
751 702 884 767 fortuito
908 703 972 767 sati
994 706 1026 767 et
1043 705 1147 768 ereati

144 811 267 873 sumus,
299 790 357 854 sed
387 790 531 874 profecto
559 789 621 853 fuit
650 790 805 874 quaedam
831 791 895 875 vis,
925 811 1006 874 quae
1033 794 1146 875 generi

143 879 325 943 consuleret
351 877 490 943 humano
519 899 577 942 nee
599 878 632 941 id
658 877 805 963 gigneret
832 882 888 943 aut
919 878 1031 964 aleret,
1058 881 1146 962 quod

143 987 215 1031 eum
247 965 478 1030 exanclavisset
510 985 621 1031 omnes
653 965 792 1049 labores,
823 969 892 1030 tum
925 965 1079 1030 incideret
1110 968 1146 1032 in

144 1053 257 1118 mortis
281 1052 401 1117 malum
429 1053 672 1138 sempiternum,
700 1056 827 1136 portum
855 1053 963 1138 potius
992 1058 1145 1137 paratum

92 1159 141 1208 119
161 1140 255 1204 nobis
274 1143 307 1204 et
324 1140 508 1226 perfugium
526 1145 683 1226 putemus.
716 1139 785 1216 Quo
799 1142 924 1206 utinam
942 1141 1022 1205 velis
1036 1144 1144 1225 passis

143 1228 274 1310 pervehi
297 1228 405 1292 lioeatl
440 1226 496 1293 sin
514 1228 703 1293 reflantibus
721 1229 824 1294 ventis
843 1228 1018 1312 reiciemur,
1033 1234 1144 1295 tamen

144 1315 256 1380 eodem
288 1315 384 1399 paulo
416 1317 539 1381 tardius
575 1314 751 1380 referamur
781 1337 907 1381 neeesse
939 1319 997 1382 est.
1051 1315 1144 1393 Quod

143 1406 251 1468 autem
279 1404 428 1468 omnibus
456 1425 585 1469 neeesse
611 1407 674 1482 est,
706 1404 779 1468 idne
809 1405 961 1469 miserum
989 1426 1058 1470 esse
1085 1407 1144 1470 uni

71 1500 82 1525 '
142 1490 272 1575 potest?
309 1490 419 1556 Habes
442 1492 617 1577 epilogum,
640 1513 680 1556 ne
703 1491 778 1575 quid
800 1493 1063 1575 praetermissum
1085 1499 1144 1559 aut

141 1579 287 1644 relietum
310 1583 413 1664 putee.

208 1667 248 1732 A.
272 1665 343 1752 Ego
366 1689 451 1749 vero,
474 1667 657 1751 etquidem
686 1667 762 1732 feeit
790 1667 888 1731 etiam
914 1667 976 1731 iste
1003 1689 1051 1731 me
1073 1667 1139 1750 epi·

144 1755 237 1839 logus
260 1755 441 1819 firmiorem.

209 1841 257 1906 M.
280 1841 417 1926 Optime,
440 1843 579 1927 inquam.
626 1841 687 1907 Sed
709 1864 794 1906 nuno
812 1840 941 1925 quidem
965 1841 1142 1907 valetudini

142 1929 321 1994 tribuamus
345 1930 474 2014 aliquid,
497 1952 566 1994 eras
589 1933 705 2013 eutem,
727 1933 760 1994 et
779 1932 858 2013 quot
881 1929 947 1993 dies
971 1930 1089 1994 erimus
1107 1931 1143 1994 in

142 2016 332 2102 Tusculano,
355 2038 488 2101 agamus
510 2017 589 2082 haee
611 2021 643 2081 et
666 2039 703 2082 ea
720 2018 931 2101 potissimum,
953 2038 1035 2101 quae
1058 2017 1141 2082 leva·

142 2105 265 2168 tionem
278 2103 420 2169 habeant
434 2105 680 2190 aegritudinum,
691 2104 905 2187 formidinum,
919 2103 1144 2191 cupiditatum,

143 2191 197 2274 qui
221 2193 307 2256 omni
330 2211 345 2256 e
366 2190 571 2278 philosophia
594 2198 643 2258 est
665 2193 787 2258 fruetus
809 2192 999 2257 uberrimus.
