2476 3848
481 186 722 251 —361-

100 367 186 426 mus,
223 349 297 410 ante
334 367 430 430 quam
466 346 500 408 in
537 366 653 430 corpus
689 340 892 428 intravisset,
928 346 963 409 in
997 365 1104 409 rerum
1139 368 1140 371 ¹

101 432 285 516 cognitione
307 434 473 517 viguisset.
509 431 653 517 Cumque
670 434 754 498 nihil
773 438 870 516 esset,
893 437 930 497 ut
953 434 1102 499 omnibus
1119 447 1152 495 58

100 521 179 585 locis
207 542 227 584 a
248 520 384 586 Platone
414 521 582 585 disseritur
604 519 700 606 (nihil
724 521 809 585 enim
831 521 886 586 ille
909 524 1002 604 putat
1026 541 1104 603 esse,

101 609 186 693 quod
218 610 342 673 oriatur
377 612 410 672 et
445 609 597 692 intereat,
633 609 728 692 idque
763 609 868 674 solum
905 630 987 692 esse,
1019 609 1104 692 quod

102 717 228 778 semper
253 696 320 762 tale
348 697 404 780 sit,
431 697 525 780 quale
552 700 616 779 est3
648 696 742 762 ἰδέαν
770 698 913 781 appellat
941 697 1011 780 ille,
1043 719 1103 761 nos

102 783 269 869 speeiem),
291 805 357 848 non
380 785 487 867 potuit
505 785 630 849 animus
653 784 733 850 haec
755 786 790 850 in
808 806 940 869 corpore
962 785 1103 849 inclusus

102 873 310 957 adgnoscere,
341 873 473 956 cognita
504 873 629 955 attulit3
662 894 700 936 ex
732 896 795 957 quo
827 877 895 937 tam
927 873 1104 937 multarum

101 981 209 1024 rerum
232 961 424 1044 cognitionis
448 961 620 1025 admiratio
643 960 781 1027 tollitur.
816 960 928 1044 Neque
949 983 987 1025 ea
1008 961 1104 1045 plane

101 1049 190 1113 videt
216 1049 355 1129 animus,
383 1069 455 1112 cum
477 1052 611 1131 repente
638 1048 673 1112 in
696 1052 764 1113 tam
787 1049 954 1113 insolitum
976 1052 1105 1133 tamque

103 1137 325 1219 perturbatum
349 1135 548 1200 domicilium
570 1137 772 1220 inmigravit,
794 1137 863 1219 sed,
889 1159 961 1202 cum
984 1159 1018 1201 se
1042 1137 1106 1202 col-

102 1226 182 1308 legit
201 1229 297 1307 atque
315 1224 486 1306 recreavit,
508 1228 578 1288 tum
598 1223 768 1308 adgnoscit
785 1224 843 1288 illa
864 1225 1106 1291 reminiscendo.

102 1312 153 1376 lta
174 1312 257 1376 nihil
281 1315 331 1375 est
353 1311 440 1376 aliud
463 1311 584 1376 discere
605 1312 670 1376 nisi
692 1312 861 1376 recordari.
903 1312 975 1397 Ego
999 1317 1106 1378 autem
1125 1323 1158 1371 se

102 1400 224 1464 maiore
243 1401 342 1463 etiam
361 1400 499 1485 quodam
517 1399 612 1464 modo
631 1401 821 1464 memoriam
841 1400 989 1464 admiror.
1022 1401 1106 1475 Quid

103 1492 153 1553 est
175 1488 261 1552 enim
283 1487 377 1571 illud,
400 1509 463 1571 quo
484 1488 701 1570 meminimus,
724 1491 780 1552 aut
803 1510 900 1571 quam
922 1487 1022 1552 habet
1039 1489 1106 1553 vim

103 1580 160 1641 aut
181 1576 264 1640 unde
292 1575 425 1640 natam?
469 1574 546 1640 Non
572 1597 704 1660 quaero,
732 1580 852 1660 quanta
880 1577 1037 1640 memoria
1060 1573 1106 1640 si-

103 1665 247 1730 monides
270 1663 372 1728 fuisse
390 1663 527 1747 dicatur,
551 1667 671 1747 quanta
691 1662 903 1748 Theodectes,
925 1667 1047 1748 quanta
1067 1663 1106 1747 is,

103 1754 158 1837 qui
181 1774 201 1815 a
222 1751 347 1835 Pyrrho
370 1753 496 1836 legatus
520 1752 561 1816 ad
583 1754 728 1816 senatum
753 1755 802 1816 est
824 1752 955 1829 missus,
979 1749 1105 1834 (lineas,

103 1844 224 1923 quanta
254 1862 357 1922 nuper
393 1839 605 1922 Charmadas,
641 1843 776 1924 quanta,
812 1840 867 1924 qni
902 1839 998 1904 modo
1035 1840 1107 1923 fuit,

103 1929 252 2012 Scepsius
283 1927 501 2010 Metrodorus,
534 1933 655 2012 quanta
685 1932 795 1994 noster
825 1927 1033 2011 Hortensius3
1068 1927 1106 1991 de

103 2016 266 2081 communi
284 2016 449 2081 hominum
464 2018 619 2081 memoria
637 2018 760 2101 loquor,
778 2020 935 2081 eteorum
950 2037 1107 2099 maxume,

103 2104 211 2186 quiin
230 2104 338 2186 aliquo
357 2105 479 2167 maiore
499 2104 605 2168 studio
625 2109 657 2169 et
676 2109 745 2169 arte
765 2109 948 2189 versantur3
971 2126 1107 2188 quorum

103 2193 224 2273 quanta
252 2211 342 2254 mens
371 2191 428 2272 sit,
455 2192 585 2256 difficile
613 2198 664 2256 est
696 2194 893 2277 existimare;
925 2193 973 2256 ita
1004 2193 1107 2257 multa

104 2278 325 2340 meminerunt.

170 2364 313 2440 Quorsus
335 2364 436 2449 igitur
458 2364 538 2429 haec
561 2370 686 2448 spectat
709 2368 836 2432 oratio?
876 2367 963 2443 Quae
987 2370 1029 2431 sit
1052 2337 1161 2462 illa262⁷3

103 2453 209 2516 viset
234 2451 318 2516 unde
346 2452 402 2535 sit,
427 2452 681 2536 intellegendum
707 2460 796 2536 puto.
846 2454 920 2519 Non
951 2458 1000 2518 est
1023 2458 1108 2518 certe

102 2563 162 2606 nee
189 2541 294 2606 cordis
320 2561 380 2604 nec
408 2542 573 2625 sanguinis
600 2562 658 2605 nec
681 2542 804 2606 cerebri
826 2563 885 2606 nec
911 2546 1107 2625 atomorum3
1139 2561 1141 2565 ’

105 2631 232 2693 animae
260 2631 303 2694 sit
330 2629 471 2714 ignisne,
498 2630 620 2711 nescio,
649 2650 708 2693 nec
730 2650 782 2693 me
809 2629 921 2713 pudet,
953 2632 991 2692 ut
1018 2629 1109 2712 istos,

103 2718 200 2782 fateri
223 2717 360 2801 nescire,
382 2717 468 2802 quod
489 2720 645 2799 nesciam;
668 2717 763 2800 illud,
787 2718 815 2781 si
838 2717 904 2781 ulla
927 2717 993 2781 alia
1017 2716 1109 2780 dere

105 2806 241 2869 obscura
268 2806 435 2870 adfirmare
461 2827 602 2888 possem,
630 2805 697 2870 sive
725 2804 834 2869 anima
861 2805 928 2869 sive
956 2805 1041 2889 ignis
1065 2804 1110 2868 sit

105 2893 244 2974 animus,
268 2914 341 2956 eum
362 2893 503 2958 iurarem
526 2914 596 2958 esse
619 2894 770 2958 divinum.
816 2892 900 2968 Quid
924 2892 1031 2956 enim?
1054 2892 1108 2957 ob-

105 3000 193 3044 secro
217 2983 263 3062 te,
286 2985 414 3045 terrane
431 2982 493 3045 tibi
516 2981 578 3046 hoc
596 2981 752 3046 nebuloso
772 2984 804 3044 et
821 2981 999 3065 caliginoso
1019 2981 1108 3045 caelo

105 3071 161 3131 aut
189 3071 261 3131 sata
288 3072 345 3132 aut
372 3072 521 3134 concreta
547 3071 676 3133 videtur
709 3071 800 3134 tanta
832 3069 881 3133 vis
914 3068 1109 3134 memoriae?

104 3154 152 3238 Si,
180 3155 255 3238 quid
283 3155 325 3220 sit
351 3155 426 3237 hoc,
452 3178 520 3221 non
548 3157 651 3241 vides,
679 3160 726 3240 at,
754 3157 847 3240 quale
871 3159 927 3241 sit,
953 3157 1057 3239 vides,
1081 3157 1108 3220 si

104 3266 144 3308 ne
168 3243 201 3307 id
224 3244 366 3328 quidem,
389 3247 437 3325 at,
461 3249 616 3327 quantum
640 3246 695 3328 sit,
717 3245 861 3329 profecto
884 3246 983 3311 vides.
1025 3245 1108 3321 Quid
1128 3265 1160 3313 ol

104 3331 227 3416 igitur?
249 3335 357 3397 utrum
376 3333 587 3415 capacitatem
606 3333 747 3417 aliquam
769 3334 804 3398 in
827 3334 935 3398 animo
958 3338 1109 3417 putamus

105 3441 188 3503 esse,
215 3441 278 3503 quo
302 3424 467 3504 tamquam
494 3421 529 3484 in
552 3421 682 3505 aliquod
704 3443 762 3486 vas
786 3442 836 3503 ea,
859 3443 941 3505 quae
964 3421 1109 3484 memini-

104 3530 189 3587 mus,
212 3508 445 3573 infundantur?
489 3507 676 3573 Absurdum
698 3509 731 3574 id
755 3510 892 3594 quidem.
938 3507 1000 3584 Qui
1024 3508 1109 3571 enim
