2476 3848
541 197 782 264 -240-

155 360 241 424 inter
263 379 298 422 se
319 357 429 441 fuisse,
451 359 496 440 ut,
520 379 592 421 oum
615 377 725 420 eorum
749 354 845 420 alteri
860 353 1036 438 Dionysius
1055 358 1165 438 tyran-

155 469 216 510 nus
240 446 324 510 diem
346 445 433 511 necis
457 443 685 509 destinavisset
709 443 801 526 etis,
825 442 880 526 qui
898 442 998 507 morti
1016 443 1164 509 addictus

157 538 251 617 esset,
269 555 389 618 paucos
408 532 472 597 sibi
486 533 553 597 dies
572 531 899 597 commendandorum
916 552 1049 596 suorum
1066 554 1165 597 causa

156 622 398 707 postulavisset,
411 642 469 685 vas
482 619 588 685 factus
604 619 647 683 sit
661 620 745 683 alter
759 619 827 682 eius
842 618 986 703 sistendi,
1000 623 1046 703 ut,
1062 619 1090 683 si
1108 620 1165 685 ille

155 732 220 775 non
235 710 431 793 revertisset,
446 707 647 772 moriendum
661 711 746 771 esset
759 706 832 790 ipsi.
861 705 1009 781 Quicum
1024 708 1065 772 ad
1080 708 1166 773 diem

157 820 191 862 se
214 797 397 882 recepisset,
420 796 598 861 admiratus
618 816 729 859 eorum
746 794 843 858 fidem
860 798 1019 877 tyrannus
1036 796 1165 880 petivit,

103 904 138 954 46
157 890 194 950 ut
222 908 256 950 se
284 885 325 970 ad
352 884 528 949 amicitiam
551 883 685 948 tertium
708 882 914 947 ascriberent.
959 880 1041 947 Cum
1063 884 1166 968 igitur

156 975 198 1058 id,
218 973 308 1057 'quod
330 973 411 1037 utile
429 972 556 1036 videtur
573 971 608 1034 in
627 969 778 1052 amicitia,
801 992 874 1034 cum
893 992 940 1054 eo,
964 971 1050 1054 quod
1067 970 1165 1037 hone

157 1066 245 1125 stum
268 1063 327 1143 est,
349 1062 569 1144 comparatur,
591 1058 696 1123 iaceat
718 1058 874 1124 utilitatis
897 1059 1033 1142 species,
1056 1061 1166 1125 valeat

157 1149 325 1231 honestas,
353 1170 426 1212 cum
454 1151 562 1211 autem
588 1147 624 1210 in
651 1146 806 1230 amicitia,
835 1168 916 1231 quae
938 1146 1077 1212 honesta
1099 1169 1166 1212 non

158 1240 243 1320 sunt,
264 1236 526 1320 postulabuntur,
551 1234 666 1319 religio
690 1237 722 1299 et
744 1234 823 1298 fides
847 1238 1065 1317 anteponatur
1088 1237 1166 1300 arni·

158 1324 261 1390 eitiae.
284 1322 337 1388 Sia
350 1324 524 1388 habebitur
533 1322 570 1406 is,
585 1344 680 1406 quem
689 1322 895 1406 exquirimus
910 1322 1046 1387 dilectus
1057 1323 1165 1389 officii.

107 1415 147 1480 11
225 1411 287 1476 Sed
309 1411 461 1476 utilitatis
486 1411 591 1496 specie
613 1411 648 1473 in
670 1432 704 1473 re
727 1410 857 1494 publiea
883 1410 1072 1494 saepissime
1094 1433 1166 1495 peo-

158 1505 257 1584 oatur,
276 1503 312 1564 ut
330 1500 365 1564 in
379 1499 529 1564 Corinthi
545 1498 780 1562 disturbatione
798 1498 917 1580 nostri3
935 1498 1045 1563 durius
1065 1500 1164 1564 etiam

157 1588 386 1672 Athenienses,
414 1587 470 1671 qui
498 1587 672 1669 sciverunt,
699 1589 737 1649 ut
763 1584 946 1671 Aeginetis,
979 1586 1034 1671 qui
1060 1587 1165 1652 classe

156 1677 320 1759 valebant,
337 1676 473 1760 pollices
486 1674 756 1759 praeciderentur.
787 1673 858 1738 Hoc
876 1674 982 1739 visum
1002 1678 1052 1738 est
1069 1675 1165 1757 utile3

157 1765 254 1829 nimis
278 1764 364 1828 enim
382 1763 573 1827 imminebat
590 1765 724 1845 propter
742 1761 1019 1845 propinquitatem
1036 1760 1165 1849 Aegina

157 1851 282 1916 Piraeo.
328 1849 390 1915 Sed
411 1850 509 1933 nihil,
531 1850 617 1933 quod
640 1849 780 1932 crudele,
803 1849 897 1933 utile,
927 1853 977 1913 est
1000 1850 1087 1914 enim
1109 1850 1164 1915 ho-

158 1941 282 2004 minum
299 1941 445 2021 naturae,
468 1959 566 2022 quam
584 1937 675 2020 sequi
694 1936 855 2019 debemus,
877 1938 1016 2002 maxime
1034 1937 1165 2003 inimica

105 2045 140 2094 47
160 2025 341 2092 erudelitas.
387 2025 472 2089 Male
501 2025 612 2109 etiam,
645 2025 701 2108 qui
732 2025 920 2110 peregrinos
947 2025 1083 2090 urbibus
1115 2025 1165 2090 uti

157 2113 331 2198 prohibent
354 2135 472 2196 eosque
495 2112 720 2196 exterminant,
743 2116 780 2176 ut
797 2111 926 2177 Pennus
946 2113 1031 2197 apud
1053 2117 1165 2197 patres

157 2205 297 2285 nostros,
319 2200 439 2284 Papius
462 2223 573 2285 nuper.
617 2198 705 2264 Nam
728 2222 798 2264 esse
820 2223 891 2285 pro,
904 2201 981 2284 cive,
1007 2202 1063 2285 qui
1086 2201 1165 2266 civis

157 2312 224 2354 non
247 2289 304 2373 sit,
326 2293 451 2353 rectum
474 2293 524 2353 est
545 2310 612 2353 non
633 2289 743 2372 licere3
771 2311 867 2372 quam
890 2290 996 2373 legem
1018 2290 1167 2354 tulerunt

159 2376 391 2462 sapientissimi
418 2377 565 2442 consules
589 2375 724 2441 Crassus
753 2380 786 2440 et
808 2374 975 2461 Scaevola3
1004 2399 1064 2441 usu
1086 2398 1164 2441 vero

157 2465 248 2530 urbis
271 2465 443 2550 prohibere
465 2464 654 2549 peregrinos
677 2486 754 2529 sane
776 2464 990 2531 inhumanum
1008 2468 1066 2529 est.
1102 2463 1166 2528 Illa

157 2553 340 2640 praeclara,
370 2552 405 2617 in
433 2553 549 2636 quibus
577 2552 726 2636 publicae
753 2551 908 2617 utilitatis
936 2551 1059 2637 speeies
1086 2573 1165 2636 prae

158 2642 329 2709 honestate
352 2641 577 2706 contemnitur.
612 2639 713 2704 Plena
736 2641 957 2724 exemplorum
980 2644 1030 2705 est
1051 2644 1166 2705 nostra

158 2752 210 2796 res
242 2729 373 2815 publica
405 2750 477 2794 cum
510 2749 618 2812 saepe,
652 2731 723 2792 tum
754 2729 893 2792 maxime
924 2728 1012 2793 bello
1043 2726 1165 2793 Punico

160 2819 312 2901 secund03
345 2839 427 2901 quae
454 2815 616 2882 Cannensi
647 2815 834 2880 calamitate
866 2820 998 2900 accepta
1025 2815 1166 2880 maiores

160 2907 286 2971 animos
313 2906 430 2971 habuit
458 2926 556 2989 quam
582 2925 735 2987 umquam
763 2904 859 2967 rebus
887 2903 1047 2988 secundis3
1074 2904 1167 2968 nulla

158 2993 287 3056 timoris
311 2993 516 3076 significatio,
538 2992 630 3057 nulla
649 2991 770 3056 mentio
788 2992 887 3075 pacis.
923 2991 1029 3056 Tanta
1046 2991 1097 3056 vis
1117 2995 1167 3056 est

101 3086 138 3136 48
158 3077 302 3160 honesti,
333 3082 370 3141 ut
401 3080 539 3163 speciem
566 3079 720 3143 utilitatis
748 3079 906 3144 obscuret.
951 3078 1168 3144 Athenienses

158 3187 232 3229 eum
250 3164 423 3229 Persarum
441 3165 599 3250 impetum
621 3168 713 3232 nullo
736 3168 832 3233 modo
855 3172 989 3252 possent
1008 3167 1169 3232 sustinere

158 3255 416 3337 statuerantque,
448 3257 485 3317 ut
516 3256 596 3320 urbe
627 3256 742 3321 relicta
772 3256 964 3342 coniugibus
993 3259 1026 3320 et
1056 3255 1168 3320 liberis

157 3335 319 3406 Troezene
346 3340 501 3425 depositis
523 3364 622 3409 naves
643 3345 896 3409 'conscenderent
918 3344 1170 3428 libertatemque

150 3425 310 3495 Graeciae
324 3428 430 3496 classe
444 3418 660 3499 defenderent·
680 3429 843 3517 Cyrsilum
858 3433 1014 3516 quendam
1036 3431 1171 3496 suaden-

130 3510 208 3604 tem,
238 3522 277 3585 ut
298 3520 336 3589 1'11
363 3522 448 3592 urbe
474 3484 873 3816 Μωθϊθηὰῗωψῆ
887 3519 1175 3601 reciperem,hapi·
