2476 3848
528 181 766 246 -294-

140 347 236 428 lacte,
260 364 362 427 caseo,
385 343 490 407 melle.
530 340 601 406 Iam
623 341 755 406 hortum
778 341 841 425 ipsi
865 341 1026 426 agricolae
1049 341 1150 407 succi-

143 434 229 497 diam
252 432 389 495 alteram
411 430 587 515 appellant.
624 427 814 494 Conditiora
833 428 913 494 facit
935 429 1015 493 haec
1039 450 1149 513 super-

90 538 123 588 ov
141 519 291 586 vacaneis
315 520 413 582 otiam
436 518 542 602 operis
566 517 737 601 aucupium
760 521 857 600 atque
879 517 1018 582 venatio.
1064 515 1149 592 Quid

50 620 54 626 '
143 609 181 672 do
213 610 381 691 pratorum
413 606 577 670 viriditate
609 609 666 670 aut
702 605 855 669 arborum
891 604 1057 669 ordinibus
1091 609 1149 669 aut

142 697 309 761 vinearum
340 694 574 758 olivetorumve
611 693 715 776 specie
752 694 847 777 plura
883 692 1009 757 dicam?
1054 692 1149 758 brevi

141 782 337 867 praecidam:
360 780 451 866 Agro
474 782 555 845 bene
578 781 664 845 culto
674 780 765 852 ,nihil
782 784 892 865 potest
913 801 983 845 esse
1005 801 1064 845 nec
1086 802 1150 845 usu

141 871 272 935 uberius
284 891 342 934 nec
352 869 456 953 speeie
467 868 625 952 ornatius3
640 868 681 932 ad
691 890 785 952 quem
795 868 965 932 fruendum
974 889 1040 932 non
1050 868 1148 934 modo

142 980 208 1022 non
221 956 374 1040 retardat,
393 978 504 1020 verum
521 957 619 1020 etiam
632 956 751 1021 invitat
770 960 867 1040 atque
882 956 1023 1020 adlectat
1041 977 1149 1022 senec-

143 1050 206 1109 tus.
228 1044 295 1108 Ubi
308 1045 392 1108 enim
406 1047 516 1128 potest
530 1044 589 1107 illa
603 1047 692 1108 aetas
708 1048 764 1108 aut
778 1045 936 1109 calescere
953 1045 1006 1109 vel
1025 1045 1148 1128 aprica·

143 1133 231 1196 tione
263 1132 378 1196 melius
410 1132 462 1196 vel
494 1132 563 1216 igni
595 1135 651 1195 aut
683 1132 825 1196 vicissim
857 1131 981 1196 umbris
1013 1133 1148 1216 aquisve

91 1238 124 1288 os
143 1219 328 1305 refrigerari
352 1219 535 1284 salubrius?
577 1216 646 1283 Sibi
667 1219 810 1284 habeant
832 1220 934 1304 igitur
956 1240 1060 1304 arma,
1084 1220 1148 1285 sibi

144 1329 256 1392 equos,
284 1308 347 1371 sibi
369 1308 495 1390 hastas,
523 1307 586 1371 sibi
613 1308 739 1372 clavam
766 1310 799 1371 et
825 1308 940 1391 pilam,
967 1307 1031 1372 sibi
1057 1313 1148 1372 nata·

143 1396 248 1461 tiones
272 1399 368 1478 atque
392 1417 512 1478 cursus,
534 1395 629 1460 nobis
653 1395 783 1459 senibus
806 1417 845 1459 ex
867 1395 1047 1460 lusionibus
1066 1397 1148 1460 mul·

143 1484 187 1547 tis
205 1484 291 1547 talos
310 1483 495 1566 relinquant
518 1487 551 1547 et
568 1487 718 1566 tesseras,
742 1483 776 1546 id
798 1483 905 1566 ipsum
926 1487 1037 1547 utmm
1059 1484 1149 1548 lube-

91 1552 132 1677 }97
143 1571 202 1654 bit,
221 1571 371 1654 quoniam
387 1572 454 1635 sine
468 1571 509 1634 iis
523 1571 619 1635 beata
633 1593 703 1635 esse
718 1575 864 1635 senectus
877 1574 995 1655 potest.
1023 1571 1147 1635 Multas

144 1659 185 1723 ad
207 1681 258 1723 res
281 1660 434 1744 perutiles
457 1658 682 1742 Xenophontis
710 1659 786 1722 libri
814 1663 902 1742 sunt3
930 1679 1009 1743 quos
1036 1658 1147 1742 legite,

144 1768 272 1899 titii}
296 1747 452 1898 ttttt
470 1750 518 1896 t
528 1744 939 1917 f33r13,rpus,qi03„033
958 1746 1093 1898 tet?
1095 1747 1148 1899 tt

142 1921 312 2003 familiari,
336 1921 392 2003 qui
414 1919 643 1985 Oeconomicus
666 1883 866 1986 inderibiturl
911 1920 1019 2006 Atque
1041 1925 1079 1986 ut
1100 1923 1148 1986 in-

143 2008 309 2092 tellegatis
337 2007 420 2070 nihil
448 2008 477 2071 ei
504 2012 573 2072 tam
600 2010 710 2093 regale
742 2009 844 2074 videri
875 2031 971 2093 quam
1004 2011 1148 2075 studium

145 2095 216 2179 agri
238 2094 373 2178 colendi,
396 2092 544 2159 Socrates
567 2097 602 2159 in
624 2118 661 2160 eo
685 2097 769 2162 libro
790 2097 935 2180 loquitur
952 2119 1025 2163 cum
1045 2096 1148 2163 Crito-

143 2182 221 2245 bulo
246 2181 365 2265 (lyrum
388 2183 558 2267 minorem,
581 2183 754 2248 Persarum
776 2206 899 2270 regem,
926 2189 1149 2269 praestantem

142 2269 273 2354 ingenio
296 2274 393 2354 atque
416 2271 543 2354 imperii
568 2272 685 2356 gloria,
709 2294 782 2337 cum
804 2272 969 2356 Lysander
991 2273 1149 2338 Lacedae-

143 2357 281 2441 monius,
302 2357 353 2421 vir
376 2380 520 2423 summae
542 2360 690 2444 virtutis,
712 2361 855 2425 venisset
878 2361 918 2425 ad
941 2382 1014 2425 eum
1037 2359 1148 2426 Sardis

89 2446 95 2453 ’
143 2445 235 2529 eique
267 2445 351 2510 dona
379 2469 398 2510 a
430 2447 525 2511 sociis
558 2447 743 2531 adtulisset,
775 2452 807 2513 et
838 2448 953 2513 ceteris
984 2449 1019 2512 in
1050 2450 1148 2513 rebus

143 2555 267 2598 comem
290 2555 367 2618 erga
390 2534 592 2617 Lysandrum
619 2540 716 2618 atque
739 2535 916 2600 humanum
937 2534 1038 2600 fuisse
1061 2540 1095 2600 et
1118 2537 1150 2602 ei

143 2622 302 2704 quendam
317 2626 526 2706 consaeptum
545 2644 660 2707 agrum
677 2623 849 2708 diligenter
863 2624 1023 2688 consitum
1042 2628 1149 2688 osten-

144 2709 237 2773 disse.
283 2708 364 2774 Cum
392 2714 501 2774 autem
530 2710 743 2775 admiraretur
765 2711 930 2794 Lysander
953 2715 986 2776 et
1008 2713 1149 2795 proceri·-

142 2800 227 2861 tates
256 2798 409 2862 arborum
437 2802 469 2861 et
496 2799 640 2863 derectos
667 2798 701 2862 in
730 2799 939 2882 quincuncem
963 2799 1091 2865 ordines
1116 2802 1150 2864 et

142 2884 276 2948 humum
300 2886 467 2950 subactam
490 2890 587 2969 atque
605 2908 720 2970 puram
739 2890 772 2950 et
790 2888 984 2952 suavitatem
1003 2886 1150 2971 odorum,

143 2972 199 3055 qui
227 2972 423 3037 adflarentur
450 2995 489 3037 ex
515 2974 662 3056 floribus,
691 2978 761 3038 tum
789 2997 862 3039 eum
885 2974 1008 3040 „dixisse
1035 2975 1150 3040 mirari

144 3080 266 3122 senon
288 3062 383 3125 modo
407 3061 623 3146 diligentiam,
653 3062 708 3126 sed
736 3061 834 3126 etiam
862 3063 1042 3128 sollertiam
1071 3063 1150 3147 eius,

144 3168 163 3209 a
186 3167 248 3227 quo
273 3151 380 3211 essent
401 3149 459 3212 illa
482 3149 626 3214 dimensa
649 3153 746 3232 atque
774 3150 943 3235 discripta3
970 3154 1003 3217 et
1026 3149 1150 3234 Cyrum

143 3232 359 3315 respondisse:
389 3234 525 3319 ‘Atqui
552 3258 621 3322 ego
649 3237 727 3301 ista
754 3259 835 3302 sum
858 3239 985 3303 omnia
1008 3238 1152 3303 dimen-

143 3341 222 3404 sus,
252 3321 325 3385 mei
347 3326 436 3386 sunt
459 3324 624 3407 ordines,
652 3346 733 3390 mea
756 3324 976 3411 discriptio,
1003 3326 1151 3391 multae

143 3407 259 3471 etiam
282 3408 445 3474 istarum
468 3411 648 3477 arborum
669 3434 751 3477 mea
773 3434 884 3478 manu
908 3417 997 3478 sunt
1020 3413 1151 3479 satae?

92 3414 226 3633 ³Tum
244 3496 447 3581 Lysandrum
464 3496 644 3563 intuentem
662 3520 840 3585 purpuram
860 3500 929 3566 eius
953 3505 986 3566 ot
1007 3501 1153 3567 nitorem
