2476 3848
480 152 720 217 -43‘1—

16 356 18 359 -
95 315 254 379 humanus
286 317 394 378 autem
428 314 553 377 animus
585 313 752 394 decerptus
785 333 824 376 ex
855 315 962 376 mente
991 312 1100 377 divina

97 424 169 466 cum
188 402 253 467 alio
270 402 361 467 nullo
379 401 444 465 nisi
463 422 535 465 cum
553 401 624 484 ipso
644 400 716 483 deo,
739 400 767 463 si
785 399 847 463 hoe
865 399 916 463 fas
935 403 985 464 est
1003 399 1100 482 dictu,

96 491 276 573 comparari
302 493 420 573 potest.
470 488 532 553 Hie
559 489 660 572 igitur
687 487 716 551 si
743 491 793 550 est
819 487 977 569 excultus,
1009 491 1042 550 et
1072 488 1100 551 si
1118 499 1152 547 39

97 578 165 641 eius
188 578 272 641 acies
300 578 347 642 ita
369 580 481 642 curata
503 579 566 661 est,
592 579 629 639 ut
654 597 695 640 ne
723 578 906 639 caecaretur
929 575 1100 652 erroribus,

96 665 133 728 fit
164 664 307 748 perfecta
338 687 443 748 mens,
473 664 506 728 id
538 667 588 728 est
619 663 769 728 absoluta
799 661 901 740 ratio,
934 663 1021 746 quod¹
1051 666 1101 726 est

95 753 180 816 idem
201 754 313 817 virtus.
347 752 406 836 Et,
429 753 458 816 si
476 774 570 817 omne
592 751 723 816 beatum
741 754 804 835 est,
825 751 877 815 cui
897 750 980 814 nihil
1003 750 1100 833 deest,

96 845 130 904 ct
152 840 236 923 quod
258 840 292 904 in
312 862 370 905 suo
394 860 509 924 genere
529 838 692 923 expletum
711 842 808 923 atque
826 839 1023 903 cumulatum
1042 841 1100 921 est,

95 928 338 1011 idquevirtutis
358 930 408 992 est
429 929 607 1011 proprium,
630 931 714 993 certe
734 948 844 991 omnes
867 927 997 990 virtutis
1015 947 1100 990 com-

96 1019 189 1097 potes
219 1015 307 1079 beati
337 1018 420 1079 sunt.
471 1015 516 1078 Et
545 1016 607 1080 hoc
635 1015 763 1098 quidem
789 1013 870 1078 mihi
898 1036 969 1079 cum
996 1013 1099 1077 Bruto

97 1103 260 1182 convenit,
283 1102 316 1166 id
334 1105 384 1166 est
401 1123 473 1165 cum
491 1102 679 1180 Aristotele,
698 1101 890 1186 Xenocrate,
911 1100 1101 1185 Speusippo

96 1190 279 1255 Polemone.
316 1187 378 1253 Sed
396 1189 478 1252 mihi
497 1190 646 1254 videntur
669 1189 767 1253 etiam
789 1190 979 1254 beatissimi.
1017 1189 1100 1266 Quid
1119 1200 1152 1247 40

97 1278 182 1341 enim
209 1278 298 1342 deest
326 1277 366 1340 ad
392 1277 486 1341 beate
513 1277 684 1341 vivendum
711 1277 754 1360 ei,
785 1279 840 1360 qui
871 1278 1003 1342 confidit
1035 1279 1100 1340 suis

97 1364 212 1429 honis?
241 1368 309 1447 aut,
337 1365 392 1448 qni
415 1364 543 1446 diffidit,
571 1365 685 1428 beatus
710 1385 779 1427 esse
803 1364 857 1447 qui
881 1363 1010 1447 potest?
1055 1363 1101 1427 At

97 1452 222 1516 diffidat
242 1473 372 1516 necesse
395 1455 457 1534 est,
484 1451 540 1534 qui
567 1452 652 1515 bona
680 1451 796 1515 dividit
821 1451 993 1533 tripertito.
1039 1450 1101 1526 Qui
1113 1449 1154 1509 14

96 1541 427 1692 {bethleel
441 1539 582 1708 colilii?
599 1537 1013 1690 hliilislubfllinti
1031 1543 1101 1708 §ll

98 1718 247 1780 manente
277 1716 358 1779 bono
386 1716 500 1778 beatus
528 1735 597 1776 esse
623 1735 717 1778 nemo
745 1717 860 1797 potest.
911 1712 995 1789 Quid
1025 1734 1101 1797 ergo

97 1804 164 1867 eius
188 1803 276 1867 modi
299 1803 436 1866 istorum
459 1800 530 1865 cst?
554 1807 590 1866 ut
613 1801 694 1865 mihi
717 1800 854 1865 Laconis
878 1801 958 1864 illud
982 1801 1101 1864 dictum

97 1892 131 1954 in
149 1891 209 1954 hos
229 1891 340 1954 cadere
359 1890 513 1971 videatur,
531 1889 586 1972 qui
604 1889 760 1973 glorianti
779 1889 906 1952 cuidam
921 1891 1103 1974 mercatori,

99 1978 184 2061 quod
206 1978 325 2042 multas
348 1979 441 2042 navis
468 1978 503 2040 in
526 1998 653 2041 omnem
676 1999 766 2040 oram
789 1977 986 2040 maritimam
1011 1977 1102 2040 dimi·

44 2116 46 2120 .
98 2067 205 2147 sisset,
229 2065 328 2130 ‘Non
351 2087 443 2129 sane
467 2064 653 2148 optabilis
680 2065 758 2128 ista
781 2063 961 2148 quidcm',
988 2065 1102 2148 inquit,

98 2151 340 2216 ‘rudentibus
365 2156 455 2234 apta
477 2151 654 2216 fortuna'
699 2151 752 2215 An
778 2151 910 2215 dubium
934 2155 995 2234 est,
1023 2154 1102 2237 quin

96 2237 180 2301 nihil
200 2240 244 2302 sit
265 2238 449 2302 habendum
466 2238 500 2303 in
519 2261 557 2304 eo
581 2260 710 2323 genere,
733 2261 795 2323 quo
815 2240 883 2303 vita
904 2241 999 2304 beata
1017 2262 1102 2304 com-

96 2326 237 2408 pleatur,
256 2326 284 2389 si
302 2326 335 2389 id
352 2327 457 2409 possit
475 2326 604 2390 amitti?
645 2326 737 2391 Nihil
756 2327 842 2390 enim
864 2328 1102 2411 intererescere,

97 2413 180 2476 nihil
207 2413 363 2498 extingui,
394 2412 477 2477 nihil
505 2413 617 2478 cadere
645 2414 740 2478 debet
767 2436 890 2497 eornm,
921 2416 956 2479 in
985 2415 1101 2499 quibus

96 2501 165 2566 vita
192 2501 289 2564 beata
316 2499 474 2565 consistit.
523 2500 609 2565 Nam
636 2502 691 2585 qui
717 2502 861 2579 timebit,
892 2523 932 2566 ne
960 2503 1036 2587 quid
1063 2523 1102 2566 ex

95 2589 147 2653 his
171 2589 338 2672 deperdat,
360 2589 473 2653 beatus
493 2609 647 2652 essenon
669 2590 798 2671 poterit.
835 2589 992 2654 Volumus
1016 2591 1101 2653 enim
1121 2603 1153 2651 41

98 2699 183 2761 eum,
220 2678 275 2761 qui
312 2678 426 2741 beatus
459 2677 514 2758 sit,
550 2679 657 2739 tntum
689 2698 771 2758 esse,
806 2677 1103 2760 inexpugnabilem,

97 2769 244 2848 saeptum
273 2770 368 2848 atque
396 2764 568 2847 munitum,
600 2786 665 2828 non
695 2766 732 2827 ut
763 2785 863 2846 parvo
892 2767 978 2827 metu
1010 2785 1102 2846 prae·

97 2852 182 2915 ditus
207 2853 263 2934 sit,
287 2852 342 2916 sed
364 2851 521 2916 utnulla
566 2850 612 2915 Ut
637 2852 722 2914 enirn
751 2851 904 2916 innocens
927 2852 955 2914 is
978 2851 1102 2934 dicitur,

95 2958 161 3000 non
188 2939 244 3021 qui
271 2938 387 3003 leviter
412 2942 520 3021 nocet,
548 2938 603 3002 scd
631 2940 684 3021 qui
711 2938 793 3002 nihil
819 2942 927 3021 nocet,
954 2939 1000 3002 sic
1034 2940 1102 3004 sine

96 3028 184 3087 metu
207 3025 235 3088 is
258 3024 423 3089 habendus
448 3029 510 3110 est,
532 3047 598 3091 non
621 3027 676 3109 qui
698 3048 800 3109 parva
818 3026 945 3103 metuit,
969 3027 1024 3090 sed
1047 3029 1103 3110 qui

97 3111 228 3175 omnino
260 3115 349 3176 metu
380 3115 482 3176 vacat.
537 3112 626 3188 Quae
654 3117 704 3177 est
732 3114 815 3179 enim
849 3114 913 3178 alia
944 3114 1101 3180 fortitudo

95 3199 159 3262 nisi
186 3199 287 3263 animi
314 3198 452 3263 adfectio
480 3221 552 3264 cum
584 3200 618 3264 in
652 3201 795 3266 adeundo
827 3203 970 3285 periculo
1004 3208 1036 3267 et
1068 3205 1102 3267 in

96 3287 205 3351 labore
228 3309 265 3351 ac
289 3285 400 3351 dolore
421 3287 563 3372 patiens,
589 3292 660 3353 tum
683 3290 794 3373 procul
816 3289 857 3354 ab
881 3291 969 3355 omni
992 3291 1102 3354 metu?

95 3373 202 3458 Atque
232 3375 312 3439 haec
345 3376 429 3438 certe
458 3396 525 3440 non
556 3376 604 3440 ita
636 3398 671 3441 se
705 3378 875 3461 haberent,
907 3379 971 3442 nisi
1008 3400 1101 3442 omne
1120 3392 1154 3438 42

95 3463 214 3526 bonum
237 3463 272 3526 in
289 3484 354 3526 uua
376 3461 546 3527 honestate
565 3464 765 3532 consisteret.
802 3464 863 3541 Qui
883 3470 990 3530 autem
1010 3465 1102 3528 illam
