2476 3848
480 183 720 249 -151—

101 351 146 415 ad
168 349 396 433 periculum,
420 349 453 413 si
476 361 543 414 su'a
564 349 795 434 cupiditate,
820 371 896 415 non
922 350 1103 417 utilitate

100 438 293 502 communi
323 437 545 522 inpellitur,
581 435 764 502 audaciae
799 438 932 522 potius
968 460 1103 504 nomen

100 525 243 590 habeat
266 546 377 608 quam
399 523 670 589 fortitudinis?
702 523 817 607 Itaque
835 525 923 590 viros
945 525 1047 591 fortes
1071 528 1104 592 et

101 611 327 697 magnanimos
346 611 476 677 eosdem
494 613 597 676 bonos
616 615 650 677 et
668 612 845 697 simplices,
858 613 1007 679 veritatis
1026 614 1103 678 ami-

100 722 155 764 cos
178 699 372 784 minimeque
398 699 533 765 fallaces
561 720 632 764 esse
658 700 822 784 volumus3
854 723 935 784 quae
963 706 1039 766 sunt
1065 722 1104 766 ex

100 787 206 852 media
232 786 327 852 laude
353 787 508 852 iustitiae.
553 784 615 853 Sed
642 787 724 852 illud
751 788 898 853 odiosum
921 790 986 874 est,
1018 789 1104 874 quod
1122 803 1155 854 64

100 877 135 939 in
156 875 218 940 hae
241 875 382 941 elatione
406 879 439 939 et
461 874 684 960 magnitudine
707 875 807 940 animi
827 876 983 942 facillime
1006 877 1103 962 perti·

100 963 194 1028 nucia
222 967 255 1028 et
280 963 383 1028 nimia
409 962 568 1047 cupiditas
598 963 798 1047 principatus
825 964 1012 1029 innascitur.
1056 962 1104 1030 Ut

101 1051 187 1115 enim
210 1050 295 1135 apud
312 1051 484 1115 Platonem
507 1053 569 1134 est,
592 1071 737 1115 omnem
759 1050 1104 1136 moremLacedae·

101 1137 313 1214 moniorum
344 1137 629 1202 inflammatum
661 1159 743 1203 esse
775 1139 992 1223 cupiditate
1023 1140 1104 1205 vin-

101 1225 224 1308 cendi,
256 1226 315 1309 sic,
346 1229 384 1290 ut
411 1225 545 1310 quisque
573 1225 674 1289 animi
700 1227 923 1312 magnitudine
954 1248 1104 1293 maxume

102 1314 252 1397 excellet,
269 1312 318 1378 ita
335 1334 484 1378 maxume
506 1314 578 1378 vult
594 1314 744 1398 princeps
763 1314 906 1379 omnium
923 1315 976 1380 vol
994 1316 1103 1400 potius

102 1402 191 1465 solus
215 1421 293 1465 esse.
337 1401 478 1466 Difficile
501 1404 610 1466 autem
634 1404 697 1483 est,
720 1422 792 1465 cum
813 1405 980 1484 praestare
1004 1403 1104 1467 omni·

101 1489 162 1552 bus
184 1488 396 1573 concupieris,
414 1510 542 1554 servare
562 1488 771 1571 aequitatem,
790 1509 872 1571 quae
891 1492 940 1552 est
958 1489 1103 1554 iustitiae

100 1597 249 1641 maxume
271 1576 412 1660 propria.
451 1575 502 1640 Ex
525 1597 588 1659 quo
611 1576 662 1658 fit,
684 1578 721 1639 ut
743 1596 845 1659 neque
869 1575 1103 1660 disceptatione

100 1664 185 1728 vinci
213 1684 248 1728 se
274 1685 333 1728 nec
359 1664 428 1728 ullo
451 1663 581 1748 publico
605 1685 642 1728 ac
664 1662 813 1747 legitimo
835 1662 905 1727 iure
927 1663 1103 1747 patiantur,

101 1752 306 1834 existuntque
342 1751 376 1815 in
407 1772 442 1815 rc
473 1750 605 1835 publica
634 1751 824 1834 plerumque
860 1751 1034 1836 largitores
1071 1755 1104 1816 et

99 1838 242 1921 factiosi,
264 1842 302 1903 ut
325 1859 402 1922 opes
426 1859 523 1921 quarn
541 1860 708 1904 maxumas
728 1843 965 1922 consequantur
987 1841 1020 1904 et
1039 1838 1105 1903 sint

100 1926 134 1991 ιι
162 1927 271 2011 potius
302 1925 483 2010 superiores
514 1948 611 2009 quarn
640 1926 767 1991 iustitia
795 1948 898 2010 pares.
951 1923 1013 1991 Sed
1040 1948 1104 2010 quo

102 2013 279 2096 difficilius,
301 2013 363 2079 hoc
383 2014 595 2098 praeclarius,
626 2015 753 2079 nullum
781 2014 867 2078 enim
894 2018 944 2079 est
966 2018 1104 2099 tempus,

102 2102 218 2201 quod
209 2123 259 2165 1us
261 2101 336 2166 titia
358 2122 473 2166 vacare
496 2101 620 2166 debeat.
655 2102 734 2166 Fert
720 2105 769 2166 tes
792 2102 854 2188 igit
855 2123 894 2166 ur
916 2106 949 2166 et
971 2124 1103 2188 magna·
1122 2117 1157 2166 cb

102 2188 182 2252 nimi
205 2192 280 2252 sunt
266 2189 461 2272 thabendi,
487 2210 553 2254 non
576 2189 631 2273 qui
652 2189 789 2273 faciunt,
817 2191 874 2255 sed
896 2190 956 2291 qui
973 2191 1104 2275 propul-

103 2276 208 2340 sant
199 2276 358 2340 miuriam
402 2276 568 2342 Verat
512 2280 568 2342 aut
570 2299 620 2341 em
650 2280 683 2341 et
705 2277 834 2362 sapiens
858 2278 958 2342 animi
981 2277 1104 2363 magni·

105 2363 183 2427 tudo
206 2363 378 2428 honestum
401 2364 495 2448 illud,
523 2364 609 2447 quod
636 2386 784 2429 maxume
810 2369 928 2430 natura
951 2366 1104 2450 sequitur,

10 2466 12 2471 ’
104 2451 139 2514 in
160 2450 255 2516 fact1s
278 2452 365 2536 posit
367 2474 435 2535 um,
457 2472 523 2516 non
544 2452 579 2515 in
602 2451 708 2536 gloria
725 2451 846 2517 iudicat
863 2453 1104 2537 principemque

101 2559 137 2604 se
164 2559 233 2603 esse
261 2540 386 2604 mavult
421 2560 518 2622 quarn
544 2538 660 2621 videri3
692 2539 812 2603 etenim
844 2539 899 2623 qui
931 2561 970 2603 ex
997 2561 1104 2604 errore

101 2626 270 2711 imperitae
304 2628 387 2691 mult
388 2627 520 2691 itudinis
552 2626 682 2710 p,endet
717 2625 811 2690 hic
801 2647 836 2689 m
867 2626 1011 2726 magnis·
1026 2626 1104 2690 viris

100 2735 167 2778 non
194 2718 244 2778 est
269 2714 445 2779 habendus.
493 2713 661 2779 Facillime
689 2716 745 2778 aut
747 2734 797 2776 em
820 2711 861 2776 ad
888 2733 939 2776 res
966 2711 1067 2776 iniust
1069 2733 1104 2777 as

101 2801 278 2885 inpellitur,
309 2804 347 2867 ut
382 2803 517 2886 quisque
548 2800 710 2867 altissimo
744 2799 852 2864 animo
885 2802 948 2883 est,
981 2799 1105 2885 gloriae

101 2889 292 2973 cupiditate,
335 2890 389 2972 qui
424 2891 513 2955 locus
550 2892 600 2954 est
631 2909 708 2953 sane
739 2887 897 2970 lubricus,
930 2887 1015 2971 quod
1051 2887 1105 2952 vix

99 2975 276 3060 invenitur,
308 2978 364 3060 qui
395 2977 561 3042 laboribus
594 2975 752 3060 susceptis
788 2975 1003 3060 periculisque
1040 2975 1105 3041 adi-

100 3063 143 3127 tis
175 3085 241 3129 non
273 3065 366 3148 quasi
397 3065 576 3130 mercedem
607 3085 715 3128 rerum
747 3064 913 3148 gestarum
946 3063 1104 3129 desideret

101 3150 308 3305 gloriilaidrnnino
335 3239 413 3304 fort
388 3243 431 3304 t1s
460 3240 587 3305 animus
619 3243 652 3305 et
684 3260 821 3342 magnus
854 3239 978 3305 duabus
1008 3240 1104 3304 rebus
1115 3217 1158 3346 ξε

100 3327 239 3391 maxime
267 3327 416 3410 cernitur,
443 3349 580 3411 quarum
606 3349 671 3392 una
701 3329 738 3393 in
763 3349 871 3393 rerum
899 3332 1104 3393 externarum

101 3413 311 3497 despicientia
334 3415 480 3498 ponitur,
507 3436 580 3480 cum
601 3436 792 3498 persuasum
820 3419 870 3480 est
898 3414 981 3479 nihil
1003 3414 1105 3478 homi-

99 3520 187 3584 nem,
209 3501 274 3565 nisi
296 3503 382 3585 quod
404 3502 577 3567 honestum
601 3503 812 3588 decorumque
840 3501 899 3587 sit,
926 3504 983 3566 aut
1005 3501 1105 3566 admi·
1213 3458 1225 3563 f
