2476 3848
477 161 716 227 -439-

92 330 152 389 tur
169 346 207 389 ea
229 324 316 390 bona
337 324 472 389 dicenda
489 346 547 388 nec
565 324 726 401 habenda,
749 324 864 407 quibus
884 324 1102 389 abundantem

95 414 175 476 licet
202 433 272 476 esse
299 412 523 476 miserrimum.
572 411 625 476 An
652 411 795 494 dubitas,
823 412 900 494 quin
932 416 1101 495 praestans
1120 433 1158 481 45.

98 500 292 582 valetudine,
315 499 449 578 viribus,
472 499 590 581 forma,
613 499 787 563 acerrumis
810 500 1101 584 integerrumisque

32 627 35 633 ,
99 588 260 672 sensibus,
288 587 368 651 adde
395 587 505 669 etiam,
532 587 560 651 si
582 587 686 670 lubet,
713 587 936 670 pernicitatem
961 591 994 653 et
1016 589 1102 652 relo-

97 676 243 758 citatem,
266 675 307 739 da
325 675 468 758 divitias,
491 674 642 758 honores,
664 675 813 758 imperia,
837 697 926 759 opes,
949 676 1101 760 gloriam:

50 776 57 784 '
97 763 126 826 si
158 763 257 827 fuerit
287 763 329 846 is,
360 763 416 845 qui
443 763 523 827 haec
549 763 660 846 habet,
691 763 842 840 iniustus,
873 764 1101 846 intemperans,

94 851 244 934 timidus,
265 850 376 915 hebeti
398 851 529 935 ingenio
552 853 649 934 atque
670 850 774 932 nullo,
801 850 1006 915 dubitabisne
1028 873 1100 915 eum

97 939 248 1002 miserum
272 938 397 1004 dicere?
442 938 558 1015 Qualia
587 938 688 1022 igitur
709 938 773 1003 ista
795 938 883 1003 bona
905 943 992 1023 sunt,
1020 961 1100 1023 quae

92 1028 151 1109 qui
178 1026 311 1107 habeat,
339 1027 536 1090 miserrimus
564 1047 633 1089 esse
663 1026 788 1109 possit?
836 1026 1024 1110 Videamus,
1052 1049 1101 1112 ne,

97 1118 134 1176 ut
162 1135 294 1178 acervus
322 1135 360 1177 ex
388 1114 438 1177 sui
465 1114 591 1197 generis
620 1115 742 1198 granis,
771 1114 816 1179 sic
843 1115 939 1179 beata
966 1115 1034 1180 vita
1063 1138 1101 1180 ex

94 1201 148 1264 sui
172 1201 330 1266 similibus
353 1200 500 1284 partibus
524 1200 605 1264 effici
633 1201 755 1265 debeat.
809 1201 900 1277 Quod
923 1204 951 1266 si
973 1204 1020 1267 ita
1043 1207 1101 1286 est,

93 1311 136 1351 ex
154 1289 259 1371 laonia,
283 1309 363 1372 quae
382 1289 453 1353 sola
470 1288 606 1352 honesta
625 1292 713 1371 sunt,
739 1289 943 1354 efficiendum
962 1296 1011 1354 est
1029 1291 1101 1355 bea·

94 1380 180 1458 tum,
203 1398 241 1440 ea
264 1377 365 1440 mixta
388 1397 426 1439 ex
449 1375 658 1440 dissimilibus
682 1377 710 1439 si
733 1380 838 1459 erunt,
866 1377 1038 1442 honestum
1061 1401 1100 1441 ex

96 1464 137 1526 iis
160 1463 245 1528 effici
267 1464 352 1527 nihil
374 1464 507 1546 poterit,
531 1485 593 1546 quo
618 1462 762 1528 detracto
786 1464 862 1547 quid
885 1466 1006 1546 poterit
1027 1465 1100 1529 bea·

94 1557 167 1614 tum
197 1550 365 1635 intellegi?
418 1551 561 1632 Etenim,
593 1550 742 1633 quicquid
770 1555 832 1633 est,
865 1552 949 1633 quod
978 1553 1099 1617 bonum

95 1638 153 1720 sit,
178 1639 212 1703 id
239 1638 451 1722 expetendum
478 1641 540 1719 est3
568 1638 652 1720 quod
679 1641 787 1701 autem
814 1639 1038 1722 expetendum,
1066 1640 1099 1705 id

95 1730 181 1790 certe
205 1726 459 1811 adprobandnm3
484 1725 568 1808 quod
591 1745 665 1788 vero
689 1725 892 1808 adprobaris,
915 1726 948 1790 id
970 1732 1099 1811 gratum

93 1819 324 1897 acceptumque
351 1813 544 1896 habendnm3
572 1833 650 1897 ergo
682 1813 780 1876 etiam
812 1813 952 1896 dignitas
983 1815 1012 1878 ei
1042 1815 1098 1878 tri-

95 1903 223 1966 buenda
255 1906 311 1966 est
365 1900 457 1977 Quod
489 1902 517 1965 si
543 1901 590 1965 ita
616 1905 678 1983 est,
705 1901 867 1965 laudabile
898 1902 941 1965 sit
969 1924 1099 1966 necesse

95 1994 158 2071 est3
185 1991 305 2053 bonum
332 1991 432 2073 igitur
456 2012 549 2054 omne
576 1988 746 2055 laudabile
791 1989 841 2052 Ex
865 2010 927 2072 quo
951 1990 1098 2073 efficitur,

43 2106 44 2109 ¹
95 2082 133 2140 ut
138 2077 256 2159 ,quod
278 2078 322 2141 sit
343 2078 460 2143 honest
447 2082 528 2160 t,um
552 2079 585 2143 id
608 2079 650 2142 sit
673 2078 778 2142 solum
802 2078 932 2142 bonnm.
1131 2127 1151 2190 6

161 2163 254 2238 Quod
280 2164 315 2226 ni
340 2166 387 2228 ita
414 2129 608 2248 tenebimus,
634 2167 737 2230 multa
764 2171 870 2248 erunt,
900 2187 981 2248 quae
1003 2167 1097 2231 nobis
1116 2205 1151 2251 4ss

93 2251 181 2313 bona
204 2249 336 2314 dicenda
359 2253 437 2334 sint3
466 2253 581 2316 omitto
609 2253 738 2316 divitias
768 2251 862 2337 (quas
890 2275 961 2317 cum
994 2255 1097 2337 quivis

94 2337 240 2420 quamvis
259 2336 409 2422 indignus
427 2301 546 2403 babere
564 2339 713 2421 possit(
704 2362 738 2402 m
755 2340 849 2403 bonis
867 2362 934 2404 non
951 2363 1098 2424 numer03

95 2425 181 2508 quod
208 2424 293 2488 enirn
317 2429 366 2488 est
352 2426 526 2508 t,bonum
552 2426 585 2489 id
606 2447 672 2489 non
694 2426 797 2508 quivis
825 2425 944 2490 habere
966 2427 1097 2511 potest),

93 2535 160 2576 orni
153 2513 211 2578 tto
247 2512 449 2577 nobilitatem
485 2476 667 2597 fainamqne
702 2513 891 2595 popularem
924 2514 1097 2579 stultorum

94 2600 367 2685 inproborumque
395 2623 551 2666 consensu
581 2601 767 2683 excitatam
795 2600 890 2678 haec,
917 2606 1098 2684 quaesunt

96 2690 243 2771 minima,
270 2692 379 2753 tamen
406 2690 492 2754 bona
519 2689 667 2754 dicantur
688 2708 817 2752 necesse
846 2691 909 2752 est:
937 2689 1097 2754 candiduli

94 2777 220 2861 dentes,
247 2778 374 2841 venusti
401 2779 499 2861 oculi,
527 2778 615 2842 color
642 2776 748 2840 suavis
778 2780 810 2840 et
838 2798 888 2860 ea,
921 2798 1002 2860 quae
1031 2777 1097 2841 An·

93 2863 190 2927 ticlea
212 2864 324 2928 laudat
345 2865 434 2930 Ulixi
457 2866 552 2949 pedes
576 2865 723 2930 abluens:

137 2983 327 3052 Lenitudo
352 2989 554 3071 orationis,
578 2987 783 3053 mollitudo
807 2989 988 3072 corporis.

93 3125 187 3189 Fla
162 3148 189 3188 οι
212 3125 298 3189 bona
321 3125 485 3209 ducemus,
508 3127 584 3210 quid
603 3128 718 3192 erit1n
735 3128 919 3212 philosophi
936 3130 1095 3213 gravitate

91 3234 191 3296 quam
218 3213 253 3276 in
279 3213 368 3297 volgi
390 3215 539 3364 opinione
563 3215 796 3299 stultorumque
818 3217 915 3282 turba
944 3219 1030 3302 quod
1052 3219 1096 3282 di-

90 3304 184 3365 catur
220 3302 276 3364 aut
308 3301 436 3384 gravius
469 3303 526 3365 aut
555 3301 731 3387 grandius?
791 3303 837 3368 At
868 3305 954 3370 enim
986 3307 1131 3371 eademe

93 3387 225 3453 Stoici
231 3387 418 3472 praecipua'
442 3389 493 3453 vel
517 3388 702 3492 producta'
726 3390 847 3477 dicunt,
876 3416 957 3480 quae
980 3393 1085 3462 bons

89 3475 155 3539 isti.
199 3475 320 3541 Dicunt
346 3476 395 3540 illi
422 3476 563 3562 quidem,
590 3479 709 3544 sedus
732 3480 831 3546 vitam
858 3482 987 3548 beatam
1009 3503 1088 3546 οο.
