2476 3848
475 211 713 278 -435-
781 172 791 188 ²

90 370 238 454 pateticis
262 369 387 435 dicere?
432 369 513 434 Rem
537 370 623 432 enim
647 369 762 452 opinor
781 369 919 452 spectari
941 372 1095 452 oportere,

90 480 156 522 non
179 458 286 521 verba.

158 545 205 610 M.
227 545 276 608 Tu
303 545 430 628 quidem
458 543 589 608 tabellis
613 544 794 628 obsignatis
822 545 893 629 agis
916 565 1041 607 mecum
1065 547 1097 607 et
1115 555 1148 602 33

90 633 291 714 testificaris,
328 632 404 715 quid
437 630 571 695 dixerim
604 631 776 714 aliquando
814 636 870 694 aut
906 631 1096 714 scripserim.

91 718 172 785 Cum
191 720 264 784 aliis
287 720 352 783 isto
371 719 479 799 modo,
503 719 558 803 qui
580 718 707 803 legibus
731 719 893 800 impositis
917 718 1096 801 disputant3

90 829 150 872 nos
168 808 203 871 in
223 807 307 871 diem
327 807 479 889 vivimus,
498 806 719 890 quodcumque
732 810 862 870 nostros
882 806 1005 870 animos
1024 827 1096 888 pro-

92 894 260 959 babilitate
291 895 462 977 percussit,
498 893 532 956 id
564 893 713 976 dicimus,
749 895 858 978 itaque
893 895 954 957 soli
987 916 1096 957 sumus

90 983 192 1046 liberi.
242 982 363 1047 Verum
389 985 511 1063 tamen,
540 981 693 1064 quoniam
720 981 759 1045 de
788 981 971 1045 constantia
999 981 1096 1064 paulo

91 1074 166 1133 ante
190 1070 344 1152 diximus,
366 1091 434 1133 non
453 1089 512 1152 ego
536 1067 597 1132 hoc
620 1070 691 1133 loco
714 1069 748 1132 id
771 1069 987 1151 quaerendum
1009 1072 1098 1152 puto,

91 1179 242 1222 verumne
280 1157 355 1238 sit,
375 1156 460 1240 qnod
496 1155 617 1220 Zenoni
653 1156 810 1238 placuerit
845 1157 992 1239 quodque
1029 1157 1097 1219 eius

93 1245 231 1309 auditori
255 1244 416 1326 Aristoni,
443 1244 564 1307 bonum
587 1264 655 1306 esse
679 1244 796 1325 solum,
820 1244 904 1325 quod
926 1243 1098 1307 honestum

93 1336 190 1409 esset,
218 1331 285 1408 sed,
314 1331 342 1394 si
369 1331 416 1394 ita
443 1332 541 1411 esset,
568 1332 589 1410 †
616 1334 685 1394 tum
712 1335 748 1394 ut
777 1333 882 1393 totum
912 1329 973 1394 hoc
1005 1331 1098 1393 beate

91 1419 198 1483 vivere
220 1419 255 1481 in
273 1440 339 1482 una
356 1418 474 1482 virtute
492 1421 635 1500 poneret.
673 1417 778 1493 Quare
801 1417 911 1481 demus
934 1417 996 1480 hoe
1020 1439 1096 1480 sane
1116 1429 1150 1476 34

92 1506 209 1589 Bruto,
232 1508 269 1568 ut
291 1506 335 1568 sit
357 1506 471 1584 beatus
495 1526 621 1587 semper
648 1505 790 1588 sapiens;
818 1526 913 1588 quam
938 1504 999 1568 sibi
1023 1526 1097 1568 oon-

92 1594 214 1676 veniat,
246 1594 315 1675 ipse
348 1592 474 1675 viderit,
507 1591 612 1675 gloria
639 1592 767 1674 quidem
795 1591 889 1655 huius
922 1592 1097 1656 sententiae

93 1681 164 1764 quis
189 1684 238 1744 est
260 1681 319 1744 illo
343 1679 413 1744 viro
437 1679 586 1763 dignior?
627 1679 696 1743 Nos
720 1683 830 1743 tamen
853 1683 1031 1762 teneamus,
1061 1684 1098 1742 ut

93 1769 136 1832 sit
159 1768 242 1831 idem
265 1767 480 1832 beatissimus.

157 1855 215 1938 Et,
242 1857 270 1918 si
299 1855 382 1919 Zeno
412 1853 547 1936 Citieus,
577 1854 699 1918 advena
726 1854 855 1938 quidam
883 1858 914 1918 et
942 1853 1094 1938 ignobilis
1108 1858 1148 1922 12

92 1943 263 2007 verborum
295 1943 416 2025 opifex,
452 1943 632 2006 insinuasse
663 1964 697 2006 se
728 1942 762 2006 in
795 1944 960 2025 antiquam
992 1942 1096 2024 philo·

93 2029 241 2112 sophiam
264 2030 403 2113 videtur,
426 2029 522 2094 huius
546 2030 724 2096 sententiae
748 2030 891 2114 gravitas
915 2052 933 2093 a
953 2029 1096 2094 Platonis

93 2117 282 2180 auctoritate
310 2120 487 2200 repetatur,
520 2118 604 2200 apud
634 2139 730 2200 quem
758 2139 853 2201 saepe
881 2117 960 2182 haec
992 2119 1096 2183 oratio

94 2206 250 2285 usurpata
265 2205 321 2284 est,
340 2207 376 2266 ut
389 2203 471 2267 nihil
490 2208 615 2285 praeter
629 2206 780 2268 virtutem
797 2206 955 2270 diceretur
969 2207 1097 2270 bouum.

92 2288 192 2352 Velut
213 2290 248 2351 in
267 2287 388 2372 Gorgia
407 2288 569 2372 Socrates,
593 2311 665 2353 oum
684 2297 769 2356 esset
788 2314 826 2355 ex
846 2314 882 2356 eo
906 2293 1097 2375 quaesitum,

92 2376 299 2459 Archelaum,
322 2375 492 2439 Perdiccae
516 2376 631 2458 filium,
654 2378 707 2458 qui
731 2381 799 2440 turn
822 2379 1095 2443 fortunatissimus

91 2465 278 2546 haberetur,
295 2483 400 2526 noune
419 2463 550 2527 beatum
568 2467 710 2546 putaret,
732 2463 842 2527 Haud
861 2466 952 2543 scio,
978 2466 1095 2548 inquit,
1114 2484 1147 2533 35

91 2573 293 2634 numquam
316 2551 414 2613 enim
437 2572 518 2614 oum
542 2571 583 2614 eo
610 2551 836 2614 conlocutus
857 2573 943 2614 sum.
964 2588 1001 2596 —
1023 2552 1095 2614 Ain

92 2639 154 2703 tu?
182 2638 301 2702 aliter
328 2638 366 2703 id
389 2638 488 2702 scire
511 2659 583 2701 non
612 2640 677 2720 pot
663 2637 804 2700 te—s?
833 2638 950 2702 Nullo
978 2639 1095 2703 modo.

93 2762 133 2770 -
171 2725 224 2789 Tu
261 2726 383 2809 igitur
418 2747 462 2789 ne
499 2725 541 2788 de
577 2724 776 2788 Persarum
818 2725 968 2808 quidem
1007 2747 1095 2810 rege

91 2834 227 2912 magno
255 2817 364 2896 potes
392 2812 530 2893 dicere,
558 2813 745 2876 beatusne
773 2813 915 2877 sirr-
947 2812 1003 2877 An
1026 2834 1093 2898 ego

90 2900 249 2999 possim,
277 2920 357 2963 cum
384 2901 567 2984 ignorem,
596 2921 704 2982 quam
735 2900 956 2982 sitdoetus,
985 2922 1093 2983 quam

90 2986 148 3050 vir
170 2986 375 3050 bonusl-
398 2986 517 3063 Quid?
539 2988 612 3051 tu
603 3009 640 3051 111
664 3008 705 3050 eo
729 2987 842 3051 sitam
865 2989 983 3052 vitam
1007 2989 1092 3052 bea-

90 3075 165 3136 tam
183 3073 379 3155 putasl—
399 3074 459 3138 Ita
476 3095 634 3156 prorsus
654 3075 848 3159 existimo,
867 3076 986 3140 bonos
1006 3077 1092 3140 bea-

89 3163 163 3243 tos,
192 3161 387 3243 improbos
416 3162 655 3226 miseros.—
687 3161 803 3226 Miser
832 3183 922 3247 ergo
955 3163 1092 3229 Arche-

89 3248 260 3312 lausl—
285 3245 409 3330 Certe,
437 3248 469 3312 si
496 3249 738 3314 iniustus-
763 3249 861 3315 V1de
847 3254 940 3315 nrne
965 3274 1091 3316 omnem

89 3423 123 3486 in
155 3423 331 3506 Epitaphio
364 3445 428 3507 quo
460 3424 553 3488 modo
586 3423 693 3488 idem?
749 3422 859 3490 Nam
891 3427 951 3491 cui
982 3428 1093 3510 viro,

89 3510 248 3594 inquit,
255 3533 298 3575 ex
330 3533 368 3576 se
399 3510 483 3595 ipso
516 3515 606 3595 apta
638 3516 726 3577 sunt
758 3516 896 3593 omnia,
925 3536 1019 3598 quae
1047 3510 1101 3579 ad

877 3613 937 3664 w*

89 3336 142 3399 hie
165 3336 239 3399 beat
225 3341 292 3399 tam
311 3335 411 3398 vitam
434 3337 468 3400 in
490 3358 554 3400 una
572 3337 692 3401 virtute
710 3338 852 3419 ponere?
889 3338 972 3414 Quid
992 3338 1091 3404 vero?
1071 3302 1166 3608 r
