2476 3848
481 216 524 226 -
568 182 631 247 569
678 218 717 247 ,-

31 410 39 423 ‚
167 336 257 439 Quae
279 361 352 404 cum
370 340 509 424 dixisset,
525 340 601 427 'Ego
620 363 704 425 vcro,
726 342 865 425 inquam,
887 320 1140 444 Africanam&

97 425 260 509 siqurdem
282 427 364 492 bene
386 428 509 492 meritis
532 429 570 493 de
591 429 696 514 patria
718 429 810 513 quasi
831 429 923 492 limes
946 427 986 491 ad
1008 428 1088 492 caeli

97 514 226 579 aditum
242 517 343 598 patet,
362 536 555 598 quamquam
574 539 593 580 a
609 517 746 602 pueritia
763 515 907 601 vestigiis
925 515 1087 599 ingressus

97 601 204 687 patris
234 606 267 665 et
296 603 360 666 tuis
391 603 495 668 decori
521 607 628 668 uestro
654 625 718 666 non
744 603 841 685 defui,
871 624 954 666 nunc
980 604 1088 666 tamen

97 693 193 755 tanto
221 690 365 774 praemio
393 691 537 774 exposito
561 691 662 754 enitar
683 691 784 754 multo
806 690 1000 775 vigilantius.
1044 688 1087 752 Et

96 777 170 842 ille:
193 775 243 840 un
265 798 341 841 vero
364 778 483 842 enitere
506 782 539 842 et
561 779 605 842 sic
626 778 752 861 habete,
773 799 839 841 non
861 799 929 841 esse
951 780 984 840 te
1005 798 1087 839 mor-

96 865 208 945 talem,
231 864 287 927 sed
306 886 421 948 corpus
438 865 513 949 hoc;
535 887 592 929 nec
610 865 694 929 enim
711 868 747 929 tu
765 866 792 928 is
812 887 854 948 es,
873 886 966 947 quem
983 863 1086 928 forma

96 952 164 1017 ista
187 951 341 1035 declarat,
369 953 425 1015 sed
446 974 535 1016 mens
559 953 706 1035 cuiusque
729 953 756 1016 is
780 956 830 1016 est
852 953 996 1035 quisque,
1021 972 1086 1014 non
1161 1001 1164 1007 .

96 1062 137 1104 ea
163 1038 281 1124 figura,
309 1061 389 1122 quae
412 1038 513 1123 digito
538 1039 748 1104 demonstrari
769 1043 886 1123 potest.
929 1038 1032 1102 Deum
1053 1042 1085 1100 tc

96 1127 199 1213 igitur
226 1127 306 1191 scito
334 1148 415 1208 csse,
445 1127 600 1209 siquidem
627 1130 675 1189 est
703 1127 792 1208 deus,
823 1127 877 1210 qui
904 1127 1004 1211 viget,
1033 1124 1086 1208 qui

95 1215 211 1298 sentit,
241 1214 295 1296 qui
322 1213 476 1295 meminit,
506 1213 560 1295 qui
585 1213 743 1296 providet,
772 1215 828 1295 qui
855 1217 922 1277 tam
949 1213 1032 1296 regit
1054 1215 1085 1274 et

96 1302 282 1366 moderatur
311 1305 343 1364 ct
372 1303 478 1364 movet
506 1300 539 1363 id
566 1319 691 1381 corpus,
721 1300 772 1361 cui
798 1300 1000 1381 praepositus
1028 1301 1084 1379 cst,

95 1412 195 1474 quam
222 1389 305 1451 huuc
331 1388 482 1451 mundum
508 1387 562 1448 illc
589 1386 734 1468 princeps
763 1385 853 1465 deus,
880 1389 913 1533 es
939 1390 975 1448 ut
997 1406 1084 1447 mun-

95 1479 174 1541 dum
202 1497 240 1539 ex
267 1475 402 1557 quadam
428 1476 519 1557 parte
545 1472 714 1534 mortalem
735 1471 805 1554 ipse
829 1471 889 1534 deu
929 1476 1081 1552 aeternus,

95 1566 143 1630 sic
165 1563 281 1647 fragile
304 1582 417 1645 corpus
441 1560 563 1623 animus
586 1558 796 1640 sempiternus
820 1562 936 1621 movet.
1091 1618 1132 1681 25

162 1651 247 1714 Nam
274 1648 357 1731 quod
385 1668 507 1730 semper
533 1648 689 1743 mouetur,
717 1646 883 1722 aeternum
911 1649 972 1724 est3
999 1644 1081 1728 quod
1098 1695 1131 1742 27

96 1743 204 1805 autem
231 1739 352 1799 motum
379 1734 481 1798 adfert
508 1733 616 1811 alicui,
644 1730 788 1812 quodque
811 1731 917 1812 ipsum
940 1731 1080 1815 agitatur

97 1825 232 1907 aliunde,
255 1822 379 1906 quando
401 1822 496 1884 finem
516 1819 613 1881 habet
631 1820 745 1899 motus,
768 1817 896 1880 vivendi
913 1819 1008 1881 finem
1026 1819 1080 1880 ha-

95 1916 172 1979 beat
202 1932 328 1976 necesse
360 1912 417 1973 est.
464 1905 572 1970 Solum
604 1904 716 1988 igitur,
748 1904 833 1985 quod
865 1926 933 1968 scse
964 1908 1079 1984 movet,

96 2002 172 2086 quia
198 2020 372 2080 numquam
399 1994 552 2059 deseritur
579 2014 598 2055 a
624 2013 669 2072 se,
696 2012 871 2072 numquam
896 2013 937 2054 ne
959 1991 1079 2055 moveri

96 2089 221 2174 quidem
254 2085 382 2166 desinit3
414 2083 490 2164 quin
517 2079 612 2142 ctiam
639 2077 764 2158 ceteris,
796 2098 876 2159 quae
904 2081 1078 2154 moventur,

94 2177 146 2241 hic
162 2173 242 2252 fons,
260 2171 320 2232 hoc
337 2168 526 2251 principium
545 2170 594 2228 est
612 2164 767 2227 movendi.
798 2163 952 2248 Principii
971 2169 1077 2228 autem

93 2262 183 2329 nulla
215 2261 263 2321 est
295 2256 398 2338 origo;
428 2272 503 2313 nam
535 2271 572 2311 cx
603 2250 758 2330 principio
788 2251 935 2314 oriuntur
964 2252 1078 2331 omnia,

94 2353 200 2435 ipsum
222 2347 327 2410 autem
349 2339 437 2403 nulla
460 2357 497 2398 ex
519 2355 552 2395 re
575 2334 639 2394 alia
659 2334 748 2394 nasci
769 2339 891 2415 potcst3
913 2358 971 2400 nec
993 2338 1076 2400 enim

95 2442 180 2504 esset
201 2434 234 2497 id
255 2427 454 2515 principium,
482 2419 564 2502 quod
588 2419 772 2502 gigneretur
795 2420 935 2500 aliunde3
963 2423 1076 2503 quodsi

93 2543 267 2607 numquam
294 2517 405 2594 oritur,
431 2529 470 2571 nc
497 2504 610 2569 occidit
637 2503 762 2585 quidem
785 2525 945 2585 umquam.
990 2506 1074 2569 Nam

93 2609 282 2697 principium
308 2600 496 2666 exstinctum
522 2612 578 2653 nec
605 2589 708 2671 ipsum
735 2589 776 2652 ab
804 2590 868 2652 alio
891 2597 1075 2655 renascetur

93 2723 151 2764 nec
169 2720 207 2762 ex
224 2718 257 2758 se
271 2690 356 2756 aliud
369 2681 495 2761 creabit,
514 2676 665 2759 siquidem
679 2696 806 2737 necesse
820 2679 869 2737 est
883 2697 903 2738 a
916 2679 1074 2761 principio

93 2788 171 2854 oriri
193 2772 305 2849 omnia.
347 2774 398 2837 Ita
424 2769 473 2849 fit,
500 2766 535 2826 ut
558 2765 662 2824 motus
685 2761 876 2843 principium
899 2784 938 2825 ex
961 2786 999 2828 eo
1023 2766 1075 2833 sit.

92 2860 177 2959 quod
199 2872 301 2952 ipsum
324 2885 343 2926 a
365 2880 398 2922 se
420 2853 577 2929 movetur3
599 2847 631 2909 id
653 2851 759 2909 autem
781 2869 838 2910 nec
855 2849 947 2912 nasci
964 2855 1074 2934 potest

91 2984 148 3027 nec
171 2955 263 3034 mori,
286 2950 336 3015 vel
359 2940 501 3009 concidat
521 2955 613 2997 onme
631 2933 753 2996 caelum
771 2934 939 3017 omnisque
956 2942 1074 3004 nutura

91 3053 123 3112 ct
153 3042 305 3109 consistat
332 3048 457 3097 neccsse
485 3026 532 3086 est
558 3042 615 3083 nec
640 3019 706 3081 vim
732 3019 833 3082 ullam
860 3024 1076 3095 nanciscatur.

89 3155 152 3217 qua
174 3153 193 3193 a
215 3127 316 3211 primo
339 3116 465 3200 inpulsa
487 3110 658 3172 moveatur.

31 3262 38 3283 .
154 3216 233 3281 Oum
255 3210 364 3295 pateat
385 3201 483 3285 igitur
506 3198 667 3258 ueternum
689 3192 722 3254 id
744 3213 822 3267 esse,
845 3196 932 3277 quod
955 3221 975 3262 a
997 3182 1127 3287 30:³63]

88 3310 158 3394 ipso
177 3301 348 3375 moveatur,
367 3288 436 3373 quis
455 3286 512 3363 est,
531 3281 583 3363 qui
600 3279 682 3342 hanc
699 3283 849 3344 naturum
867 3284 985 3349 animis
1004 3310 1077 3354 csse
1097 3270 1128 3307 '⁵

90 3395 243 3462 tributam
256 3380 371 3468 neget?
402 3370 580 3438 Inanimum
594 3369 643 3429 cst
656 3367 739 3428 cuim
754 3388 858 3445 omne,
877 3374 966 3453 quod
980 3377 1078 3459 pulsu

90 3484 231 3569 agitatur
262 3476 403 3546 externo3
433 3456 517 3542 quod
546 3457 653 3519 autem
679 3456 729 3517 est
755 3454 890 3525 animal.
922 3458 957 3523 id
985 3478 1078 3531 mrim
