2476 3848
474 182 714 246 ..449-

89 347 184 411 dente
227 347 316 429 dicit,
353 345 478 409 nullum
515 343 652 426 sapienti
683 363 753 407 esse
788 345 928 424 tempus,
965 340 1092 405 etiamsi

90 439 216 518 uratur,
246 436 449 517 torqueatur,
482 436 619 514 secetur,
655 431 731 514 quin
766 430 871 512 possit
903 429 1092 492 exclamare:

91 522 211 598 ‘Quam
229 544 288 605 pro
306 522 408 586 nihilo
426 518 536 605 putol'
559 541 631 585 cum
651 519 841 601 praesertim
860 538 952 582 omne
971 516 1092 580 malum

92 610 202 675 dolore
234 610 378 694 definiat,
415 610 536 674 bonum
567 606 745 691 voluptate,
777 605 858 670 haec
889 608 1000 668 nostra
1035 604 1092 668 ho-

92 702 198 782 nesta,
225 699 333 781 turpia
359 697 498 762 inrideat
524 696 672 779 dicatque
697 715 757 759 nos
784 694 818 758 in
844 691 976 758 vocibus
1001 712 1092 757 occu·

92 790 187 870 patos
214 786 319 850 inanis
347 807 443 850 sonos
471 784 615 866 fundere,
642 803 744 867 noque
772 782 943 865 quicquam
969 779 1010 845 ad
1033 801 1092 844 nos

92 874 265 957 pertinere,
287 873 351 936 nisi
373 872 457 957 quod
480 877 537 937 aut
559 872 630 936 leve
653 873 709 934 aut
731 891 877 952 asperum
904 868 939 932 in
961 889 1093 952 corpore

93 963 263 1027 sentiatur:
290 960 365 1024 huic
392 980 481 1045 ergo,
508 963 545 1024 ut
571 958 651 1042 dixi,
676 979 742 1023 non
769 957 907 1022 multum
934 955 1093 1019 differenti

93 1073 114 1113 a
139 1049 256 1114 iudicio
284 1048 425 1112 ferarum
453 1047 599 1113 oblivisci
626 1046 736 1111 licebit
763 1046 813 1109 sui
840 1047 873 1108 et
899 1048 969 1108 tum
995 1043 1094 1108 fortu-

92 1159 169 1201 nam
196 1140 412 1218 contemnere,
444 1157 516 1199 cum
547 1136 590 1199 sit
622 1156 716 1200 omne
749 1137 781 1197 et
811 1133 933 1197 bonum
964 1132 1033 1196 eius
1062 1134 1095 1194 et

94 1226 214 1289 malum
241 1227 275 1290 in
302 1227 462 1307 potestate
488 1223 649 1305 fortunae,
675 1227 745 1286 tum
772 1220 875 1286 dicere
904 1241 938 1284 se
962 1219 1093 1285 beatum

93 1314 128 1377 in
151 1334 275 1377 summo
299 1312 440 1376 cruciatu
463 1315 559 1395 atque
581 1310 763 1392 tormentis,
793 1331 865 1374 cum
890 1308 1095 1373 constituerit

93 1422 159 1464 non
186 1402 281 1465 modo
309 1421 469 1464 summum
499 1397 617 1462 malum
645 1397 894 1480 cssedolorem,
919 1394 1094 1460 sedetiam

95 1488 221 1552 solum?
274 1487 343 1553 Nec
373 1508 449 1552 vero
479 1486 538 1550 illa
564 1485 627 1549 sibi
654 1484 795 1549 remedia
825 1483 1023 1568 compararit
1053 1483 1094 1546 ad
1113 1493 1146 1541 74

93 1577 294 1641 tolerandum
325 1575 480 1657 dolorem,
514 1573 700 1637 firmitatem
736 1572 849 1656 animi,
885 1571 1093 1654 turpitudinis

94 1665 330 1748 verecundiam,
375 1662 632 1728 exercitationem
678 1660 999 1742 consuetudinemque
1040 1680 1094 1742 pa·

95 1753 209 1830 tiendi,
236 1755 420 1835 [praecepta
446 1749 672 1830 fortitudinis,]
699 1749 852 1813 duritiam
874 1747 1013 1830 virilem,
1040 1747 1095 1811 sed

94 1862 161 1904 una
193 1862 226 1904 se
259 1840 337 1904 dicit
366 1838 586 1904 recordatione
616 1836 818 1920 adquiescere
849 1836 1094 1920 praeteritarum

94 1929 324 2012 voluptatium,
346 1931 383 1992 ut
401 1928 430 1992 si
448 1927 519 2011 quis
538 1929 701 2009 aestuans,
723 1947 796 1990 cum
813 1926 878 1989 vim
897 1924 1012 1989 caloris
1030 1945 1096 1988 non

94 2016 190 2079 facile
212 2017 367 2099 patiatur,
393 2014 554 2080 recordari
577 2014 656 2078 velit
683 2034 752 2078 sese
780 2012 951 2097 aliquando
978 2012 1014 2077 in
1035 2010 1094 2074 Ar-

95 2103 199 2184 pinati
224 2107 337 2167 nostro
367 2103 478 2187 gelidis
510 2101 694 2166 fluminibus
731 2101 956 2166 circumfusum
987 2100 1095 2164 fuisse.

95 2187 171 2252 Non
190 2190 276 2252 enim
292 2190 400 2272 video,
422 2191 598 2273 quomodo
622 2190 732 2254 sedare
754 2190 881 2273 possint
898 2189 984 2254 mala
1006 2210 1096 2272 prae·

96 2275 200 2340 sentia
217 2277 410 2358 praeteritae
428 2277 618 2359 voluptates.
651 2275 713 2339 Sed
732 2278 849 2341 cumis
868 2276 953 2341 dicat
971 2298 1096 2360 semper
1115 2285 1147 2334 75

96 2365 228 2428 beatum
256 2385 325 2427 esse
353 2364 542 2446 sapientem,
569 2363 620 2427 cui
648 2364 751 2427 dicere
778 2365 851 2446 hoo,
880 2366 906 2428 si
936 2364 999 2428 sibi
1023 2386 1095 2428 con·

97 2455 184 2517 stare
211 2451 320 2532 vellet,
347 2471 412 2514 non
438 2449 561 2532 liceret,
588 2450 740 2533 quidnam
765 2451 946 2516 faciendum
974 2452 1096 2536 estiis,

97 2540 152 2624 qui
174 2539 256 2603 nihil
280 2537 502 2622 expetendum,
523 2538 604 2601 nihil
627 2538 778 2602 inbonis
802 2539 987 2623 ducendum,
1011 2540 1096 2623 quod

96 2628 267 2694 honestate
298 2630 417 2709 careat,
449 2626 664 2690 existumant?
719 2625 772 2690 Me
803 2627 930 2711 quidem
966 2631 1096 2691 auctore

98 2716 196 2781 etiam
218 2714 426 2800 Peripatetici
447 2718 633 2798 veteresque
651 2714 834 2780 Academici
852 2714 1014 2778 balbutire
1038 2714 1095 2778 ali-

98 2804 224 2886 quando
243 2804 392 2869 desinant
410 2805 580 2886 aperteque
595 2807 627 2866 et
641 2803 728 2867 clara
746 2825 822 2868 voce
839 2801 977 2866 audeant
991 2802 1094 2867 dicere

97 2891 226 2954 beatam
247 2893 347 2956 vitam
370 2892 405 2956 in
427 2890 606 2955 Phalaridis
629 2895 757 2955 taurum
781 2892 1011 2956 descensuram.
1106 2962 1113 2975 ,

165 2976 237 3042 Sint
260 2980 344 3043 enim
365 2980 430 3043 tria
452 2998 570 3062 genera
590 2979 762 3060 bonorum,
785 2979 908 3043 utiam
932 3001 951 3043 a
972 2979 1094 3063 laqueis
1105 2947 1144 3073 {g

99 3063 290 3148 Stoicorum,
322 3067 437 3150 quibus
469 3089 562 3132 usum
594 3088 645 3132 me
676 3067 833 3150 pluribus,
865 3088 960 3152 quam
997 3067 1095 3151 soleo,
1148 3072 1152 3077 ’

97 3153 263 3238 intellego,
291 3154 488 3233 recedamus,
515 3156 582 3219 sint
604 3177 680 3220 sane
702 3156 760 3220 illa
789 3177 907 3241 genera
928 3156 1095 3240 bonorum,

99 3240 173 3305 dum
192 3243 333 3326 corporis
353 3248 382 3308 ct
399 3247 531 3307 externa
547 3244 675 3309 iaceant
692 3243 783 3308 humi
797 3249 830 3308 et
846 3247 972 3309 tantum
990 3247 1096 3328 modo,

99 3329 175 3413 quia
198 3331 350 3396 sumenda
374 3332 451 3410 sint,
475 3331 677 3414 appellentur
698 3333 796 3415 bona,
822 3333 886 3398 alia
908 3337 1016 3398 autem
1038 3335 1096 3397 illa

98 3418 206 3483 divina
223 3420 317 3504 longe
335 3421 462 3504 lateque
477 3441 510 3484 se
528 3419 672 3502 pandant
689 3420 873 3505 caelumque
892 3422 1094 3506 contingant,

98 3527 137 3570 ea
166 3507 222 3591 qui
253 3507 387 3591 adeptus
414 3508 469 3591 sit,
501 3529 558 3573 cur
584 3531 655 3573 eum
683 3509 812 3573 beatum
840 3509 934 3574 modo
968 3514 1000 3573 et
1030 3502 1162 3632 nou.

145 3621 324 3676 mistaten,
339 3623 382 3670 tlt.
397 3623 511 3679 rbtlotopt.
526 3623 642 3679 &dictitat
832 3617 870 3665 ‘lib
