<?xml version="1.0" encoding="UTF-8"?>
<!DOCTYPE html PUBLIC "-//W3C//DTD XHTML 1.0 Transitional//EN"
    "http://www.w3.org/TR/xhtml1/DTD/xhtml1-transitional.dtd">
<html xmlns="http://www.w3.org/1999/xhtml" xml:lang="en" lang="en">
 <head>
  <title>
</title>
<meta http-equiv="Content-Type" content="text/html;charset=utf-8" />
  <meta name='ocr-system' content='tesseract 3.04.00' />
  <meta name='ocr-capabilities' content='ocr_page ocr_carea ocr_par ocr_line ocrx_word'/>
</head>
<body>
  <div class='ocr_page' id='page_1' title='image "./cicerosphilosop01cicegoog_0350.png"; bbox 0 0 2476 3848; ppageno 0'>
   <div class='ocr_carea' id='block_1_1' title="bbox 475 181 716 247">
    <p class='ocr_par' dir='ltr' id='par_1_1' title="bbox 475 181 716 247">
     <span class='ocr_line' id='line_1_1' title="bbox 475 181 716 247; baseline 0 0"><span class='ocrx_word' id='word_1_1' title='bbox 475 216 517 227; x_wconf 95' lang='lat'>-</span> <span class='ocrx_word' id='word_1_2' title='bbox 563 181 628 247; x_wconf 81' lang='lat'>333</span> <span class='ocrx_word' id='word_1_3' title='bbox 672 217 716 229; x_wconf 92' lang='lat'>—-</span> 
     </span>
    </p>
   </div>
   <div class='ocr_carea' id='block_1_2' title="bbox 24 319 1190 3499">
    <p class='ocr_par' dir='ltr' id='par_1_2' title="bbox 90 319 1190 1044">
     <span class='ocr_line' id='line_1_2' title="bbox 157 319 1147 447; baseline -0.001 -34"><span class='ocrx_word' id='word_1_4' title='bbox 157 345 252 413; x_wconf 79' lang='lat' dir='ltr'>Exist</span> <span class='ocrx_word' id='word_1_5' title='bbox 252 346 280 411; x_wconf 91' lang='lat' dir='ltr'>it</span> <span class='ocrx_word' id='word_1_6' title='bbox 237 349 411 412; x_wconf 91' lang='lat' dir='ltr'>tautem</span> <span class='ocrx_word' id='word_1_7' title='bbox 432 347 494 413; x_wconf 90' lang='lat' dir='ltr'>hoc</span> <span class='ocrx_word' id='word_1_8' title='bbox 517 347 589 412; x_wconf 90' lang='lat' dir='ltr'>loco</span> <span class='ocrx_word' id='word_1_9' title='bbox 615 332 773 431; x_wconf 78' lang='lat' dir='ltr'>quaedam</span> <span class='ocrx_word' id='word_1_10' title='bbox 800 347 947 432; x_wconf 88' lang='lat' dir='ltr'>quaestio</span> <span class='ocrx_word' id='word_1_11' title='bbox 975 319 1147 447; x_wconf 65' lang='lat' dir='ltr'>subdit-619</span> 
     </span>
     <span class='ocr_line' id='line_1_3' title="bbox 90 397 1147 522; baseline 0 -23"><span class='ocrx_word' id='word_1_12' title='bbox 90 434 295 518; x_wconf 70' lang='lat' dir='ltr'>licilianum</span> <span class='ocrx_word' id='word_1_13' title='bbox 319 434 446 518; x_wconf 92' lang='lat' dir='ltr'>quando</span> <span class='ocrx_word' id='word_1_14' title='bbox 470 435 565 501; x_wconf 90' lang='lat' dir='ltr'>amici</span> <span class='ocrx_word' id='word_1_15' title='bbox 586 436 672 519; x_wconf 87' lang='lat' dir='ltr'>novi,</span> <span class='ocrx_word' id='word_1_16' title='bbox 695 435 785 522; x_wconf 84' lang='lat' dir='ltr'>digni</span> <span class='ocrx_word' id='word_1_17' title='bbox 806 436 959 519; x_wconf 88' lang='lat' dir='ltr'>amicitia,</span> <span class='ocrx_word' id='word_1_18' title='bbox 981 397 1147 502; x_wconf 70' lang='lat' dir='ltr'>veteri-⁶⁷</span> 
     </span>
     <span class='ocr_line' id='line_1_4' title="bbox 91 522 1096 607; baseline 0.002 -20"><span class='ocrx_word' id='word_1_19' title='bbox 91 522 201 587; x_wconf 90' lang='lat' dir='ltr'>bus</span> <span class='ocrx_word' id='word_1_20' title='bbox 176 525 307 587; x_wconf 89' lang='lat' dir='ltr'>smtan</span> <span class='ocrx_word' id='word_1_21' title='bbox 265 523 494 606; x_wconf 74' lang='lat' dir='ltr'>anteponendi,</span> <span class='ocrx_word' id='word_1_22' title='bbox 521 526 559 588; x_wconf 92' lang='lat' dir='ltr'>ut</span> <span class='ocrx_word' id='word_1_23' title='bbox 586 523 677 607; x_wconf 90' lang='lat' dir='ltr'>equis</span> <span class='ocrx_word' id='word_1_24' title='bbox 704 524 822 588; x_wconf 85' lang='lat' dir='ltr'>vetulis</span> <span class='ocrx_word' id='word_1_25' title='bbox 851 528 979 589; x_wconf 88' lang='lat' dir='ltr'>teneros</span> <span class='ocrx_word' id='word_1_26' title='bbox 1008 528 1096 589; x_wconf 88' lang='lat' dir='ltr'>ante·</span> 
     </span>
     <span class='ocr_line' id='line_1_5' title="bbox 91 610 1096 711; baseline 0.003 -37"><span class='ocrx_word' id='word_1_27' title='bbox 91 630 210 695; x_wconf 87' lang='lat' dir='ltr'>ponere</span> <span class='ocrx_word' id='word_1_28' title='bbox 233 610 383 674; x_wconf 79' lang='lat' dir='ltr'>solemus</span> <span class='ocrx_word' id='word_1_29' title='bbox 413 610 552 711; x_wconf 70' lang='lat' dir='ltr'>quigna</span> <span class='ocrx_word' id='word_1_30' title='bbox 571 610 701 675; x_wconf 93' lang='lat' dir='ltr'>homine</span> <span class='ocrx_word' id='word_1_31' title='bbox 720 611 848 676; x_wconf 89' lang='lat' dir='ltr'>dubitat</span> <span class='ocrx_word' id='word_1_32' title='bbox 833 612 893 677; x_wconf 90' lang='lat' dir='ltr'>tiol</span> <span class='ocrx_word' id='word_1_33' title='bbox 915 611 992 676; x_wconf 94' lang='lat' dir='ltr'>Non</span> <span class='ocrx_word' id='word_1_34' title='bbox 1010 612 1096 677; x_wconf 92' lang='lat' dir='ltr'>enim</span> 
     </span>
     <span class='ocr_line' id='line_1_6' title="bbox 92 698 1096 764; baseline 0.003 -3"><span class='ocrx_word' id='word_1_35' title='bbox 92 698 211 762; x_wconf 91' lang='lat' dir='ltr'>debent</span> <span class='ocrx_word' id='word_1_36' title='bbox 234 719 303 762; x_wconf 88' lang='lat' dir='ltr'>esse</span> <span class='ocrx_word' id='word_1_37' title='bbox 326 698 543 764; x_wconf 78' lang='lat' dir='ltr'>amicitiarum</span> <span class='ocrx_word' id='word_1_38' title='bbox 566 699 649 764; x_wconf 88' lang='lat' dir='ltr'>sicut</span> <span class='ocrx_word' id='word_1_39' title='bbox 672 698 811 764; x_wconf 90' lang='lat' dir='ltr'>aliarum</span> <span class='ocrx_word' id='word_1_40' title='bbox 835 721 943 764; x_wconf 90' lang='lat' dir='ltr'>rerum</span> <span class='ocrx_word' id='word_1_41' title='bbox 966 700 1096 764; x_wconf 89' lang='lat' dir='ltr'>satieta-</span> 
     </span>
     <span class='ocr_line' id='line_1_7' title="bbox 91 785 1095 870; baseline 0.002 -22"><span class='ocrx_word' id='word_1_42' title='bbox 91 790 158 868; x_wconf 76' lang='lat' dir='ltr'>tes,</span> <span class='ocrx_word' id='word_1_43' title='bbox 180 785 353 850; x_wconf 85' lang='lat' dir='ltr'>veterrima</span> <span class='ocrx_word' id='word_1_44' title='bbox 376 808 534 870; x_wconf 90' lang='lat' dir='ltr'>quaeque,</span> <span class='ocrx_word' id='word_1_45' title='bbox 560 790 598 850; x_wconf 92' lang='lat' dir='ltr'>ut</span> <span class='ocrx_word' id='word_1_46' title='bbox 621 808 659 850; x_wconf 89' lang='lat' dir='ltr'>ca</span> <span class='ocrx_word' id='word_1_47' title='bbox 682 787 771 870; x_wconf 86' lang='lat' dir='ltr'>vina,</span> <span class='ocrx_word' id='word_1_48' title='bbox 794 809 875 870; x_wconf 88' lang='lat' dir='ltr'>quae</span> <span class='ocrx_word' id='word_1_49' title='bbox 898 791 1095 852; x_wconf 85' lang='lat' dir='ltr'>vetustatem</span> 
     </span>
     <span class='ocr_line' id='line_1_8' title="bbox 91 873 1190 958; baseline 0 -21"><span class='ocrx_word' id='word_1_50' title='bbox 91 873 214 956; x_wconf 91' lang='lat' dir='ltr'>ferunt,</span> <span class='ocrx_word' id='word_1_51' title='bbox 245 894 315 937; x_wconf 89' lang='lat' dir='ltr'>esse</span> <span class='ocrx_word' id='word_1_52' title='bbox 347 873 443 938; x_wconf 91' lang='lat' dir='ltr'>debet</span> <span class='ocrx_word' id='word_1_53' title='bbox 474 873 679 956; x_wconf 80' lang='lat' dir='ltr'>suavissima3</span> <span class='ocrx_word' id='word_1_54' title='bbox 717 895 891 958; x_wconf 87' lang='lat' dir='ltr'>verumque</span> <span class='ocrx_word' id='word_1_55' title='bbox 922 875 1002 938; x_wconf 91' lang='lat' dir='ltr'>illud</span> <span class='ocrx_word' id='word_1_56' title='bbox 1036 879 1094 956; x_wconf 89' lang='lat' dir='ltr'>est,</span> <span class='ocrx_word' id='word_1_57' title='bbox 1187 901 1190 904; x_wconf 48' lang='lat'><strong>&gt;</strong></span> 
     </span>
     <span class='ocr_line' id='line_1_9' title="bbox 90 923 1095 1044; baseline 0 -18"><span class='ocrx_word' id='word_1_58' title='bbox 90 960 178 1044; x_wconf 93' lang='lat' dir='ltr'>quod</span> <span class='ocrx_word' id='word_1_59' title='bbox 201 923 278 1025; x_wconf 84' lang='lat' dir='ltr'>dicit</span> <span class='ocrx_word' id='word_1_60' title='bbox 264 965 326 1042; x_wconf 90' lang='lat' dir='ltr'>t,ur</span> <span class='ocrx_word' id='word_1_61' title='bbox 347 962 469 1025; x_wconf 93' lang='lat' dir='ltr'>multos</span> <span class='ocrx_word' id='word_1_62' title='bbox 492 960 616 1026; x_wconf 87' lang='lat' dir='ltr'>modios</span> <span class='ocrx_word' id='word_1_63' title='bbox 640 961 718 1026; x_wconf 87' lang='lat' dir='ltr'>salis</span> <span class='ocrx_word' id='word_1_64' title='bbox 743 962 839 1026; x_wconf 91' lang='lat' dir='ltr'>simul</span> <span class='ocrx_word' id='word_1_65' title='bbox 858 962 996 1027; x_wconf 89' lang='lat' dir='ltr'>edendos</span> <span class='ocrx_word' id='word_1_66' title='bbox 1015 983 1095 1044; x_wconf 90' lang='lat' dir='ltr'>esse,</span> 
     </span>
    </p>

    <p class='ocr_par' dir='ltr' id='par_1_3' title="bbox 26 1033 1147 2076">
     <span class='ocr_line' id='line_1_10' title="bbox 26 1033 1147 1133; baseline 0 -19"><span class='ocrx_word' id='word_1_67' title='bbox 26 1110 30 1114; x_wconf 84' lang='lat'>.</span> <span class='ocrx_word' id='word_1_68' title='bbox 91 1053 129 1113; x_wconf 92' lang='lat' dir='ltr'>ut</span> <span class='ocrx_word' id='word_1_69' title='bbox 152 1048 314 1113; x_wconf 86' lang='lat' dir='ltr'>amicitiae</span> <span class='ocrx_word' id='word_1_70' title='bbox 336 1070 453 1113; x_wconf 89' lang='lat' dir='ltr'>munus</span> <span class='ocrx_word' id='word_1_71' title='bbox 476 1033 640 1133; x_wconf 85' lang='lat' dir='ltr'>expletum</span> <span class='ocrx_word' id='word_1_72' title='bbox 584 1050 715 1113; x_wconf 88' lang='lat' dir='ltr'>umsit.</span> <span class='ocrx_word' id='word_1_73' title='bbox 692 1048 849 1116; x_wconf 86' lang='lat' dir='ltr'>thvit</span> <span class='ocrx_word' id='word_1_74' title='bbox 834 1053 920 1115; x_wconf 86' lang='lat' dir='ltr'>tates</span> <span class='ocrx_word' id='word_1_75' title='bbox 939 1054 1047 1115; x_wconf 93' lang='lat' dir='ltr'>autem</span> <span class='ocrx_word' id='word_1_76' title='bbox 1068 1050 1096 1114; x_wconf 90' lang='lat' dir='ltr'>si</span> <span class='ocrx_word' id='word_1_77' title='bbox 1115 1068 1147 1120; x_wconf 79' lang='lat' dir='ltr'>aa</span> 
     </span>
     <span class='ocr_line' id='line_1_11' title="bbox 93 1135 1095 1220; baseline 0.003 -20"><span class='ocrx_word' id='word_1_78' title='bbox 93 1158 184 1220; x_wconf 91' lang='lat' dir='ltr'>spem</span> <span class='ocrx_word' id='word_1_79' title='bbox 207 1135 369 1218; x_wconf 83' lang='lat' dir='ltr'>adferunt,</span> <span class='ocrx_word' id='word_1_80' title='bbox 394 1139 432 1199; x_wconf 91' lang='lat' dir='ltr'>ut</span> <span class='ocrx_word' id='word_1_81' title='bbox 453 1136 652 1220; x_wconf 89' lang='lat' dir='ltr'>tamquam</span> <span class='ocrx_word' id='word_1_82' title='bbox 642 1159 678 1200; x_wconf 90' lang='grc' dir='ltr'>ιιι</span> <span class='ocrx_word' id='word_1_83' title='bbox 699 1137 810 1202; x_wconf 82' lang='lat' dir='ltr'>herbis</span> <span class='ocrx_word' id='word_1_84' title='bbox 833 1159 899 1203; x_wconf 89' lang='lat' dir='ltr'>non</span> <span class='ocrx_word' id='word_1_85' title='bbox 923 1136 1095 1203; x_wconf 85' lang='lat' dir='ltr'>fallacibus</span> 
     </span>
     <span class='ocr_line' id='line_1_12' title="bbox 90 1224 1096 1310; baseline 0.003 -22"><span class='ocrx_word' id='word_1_86' title='bbox 90 1225 177 1288; x_wconf 84' lang='lat' dir='ltr'>fruct</span> <span class='ocrx_word' id='word_1_87' title='bbox 163 1228 216 1289; x_wconf 89' lang='lat' dir='ltr'>tus</span> <span class='ocrx_word' id='word_1_88' title='bbox 240 1228 409 1308; x_wconf 81' lang='lat' dir='ltr'>appareat,</span> <span class='ocrx_word' id='word_1_89' title='bbox 431 1245 497 1289; x_wconf 90' lang='lat' dir='ltr'>non</span> <span class='ocrx_word' id='word_1_90' title='bbox 521 1227 595 1288; x_wconf 90' lang='lat' dir='ltr'>sunt</span> <span class='ocrx_word' id='word_1_91' title='bbox 580 1224 695 1289; x_wconf 90' lang='lat' dir='ltr'>tillae</span> <span class='ocrx_word' id='word_1_92' title='bbox 719 1224 846 1308; x_wconf 91' lang='lat' dir='ltr'>quidem</span> <span class='ocrx_word' id='word_1_93' title='bbox 870 1226 1096 1310; x_wconf 84' lang='lat' dir='ltr'>repudiandae,</span> 
     </span>
     <span class='ocr_line' id='line_1_13' title="bbox 91 1312 1097 1395; baseline 0 -19"><span class='ocrx_word' id='word_1_94' title='bbox 91 1316 238 1376; x_wconf 85' lang='lat' dir='ltr'>vetustas</span> <span class='ocrx_word' id='word_1_95' title='bbox 269 1315 381 1376; x_wconf 90' lang='lat' dir='ltr'>tamen</span> <span class='ocrx_word' id='word_1_96' title='bbox 412 1333 470 1376; x_wconf 90' lang='lat' dir='ltr'>suo</span> <span class='ocrx_word' id='word_1_97' title='bbox 502 1312 575 1377; x_wconf 93' lang='lat' dir='ltr'>loco</span> <span class='ocrx_word' id='word_1_98' title='bbox 605 1312 837 1395; x_wconf 80' lang='lat' dir='ltr'>conservanda3</span> <span class='ocrx_word' id='word_1_99' title='bbox 873 1315 1015 1378; x_wconf 84' lang='lat' dir='ltr'>maxima</span> <span class='ocrx_word' id='word_1_100' title='bbox 1047 1317 1097 1377; x_wconf 91' lang='lat' dir='ltr'>est</span> 
     </span>
     <span class='ocr_line' id='line_1_14' title="bbox 94 1398 1096 1485; baseline 0.001 -22"><span class='ocrx_word' id='word_1_101' title='bbox 94 1400 180 1463; x_wconf 89' lang='lat' dir='ltr'>enim</span> <span class='ocrx_word' id='word_1_102' title='bbox 202 1400 252 1464; x_wconf 85' lang='lat' dir='ltr'>vis</span> <span class='ocrx_word' id='word_1_103' title='bbox 275 1399 449 1463; x_wconf 84' lang='lat' dir='ltr'>vetustatis</span> <span class='ocrx_word' id='word_1_104' title='bbox 473 1404 506 1463; x_wconf 91' lang='lat' dir='ltr'>et</span> <span class='ocrx_word' id='word_1_105' title='bbox 526 1399 775 1464; x_wconf 74' lang='lat' dir='ltr'>consuetudinis.</span> <span class='ocrx_word' id='word_1_106' title='bbox 812 1398 896 1475; x_wconf 85' lang='lat' dir='ltr'>Quin</span> <span class='ocrx_word' id='word_1_107' title='bbox 914 1400 986 1485; x_wconf 87' lang='lat' dir='ltr'>ipso</span> <span class='ocrx_word' id='word_1_108' title='bbox 1005 1421 1096 1483; x_wconf 91' lang='lat' dir='ltr'>equo,</span> 
     </span>
     <span class='ocr_line' id='line_1_15' title="bbox 93 1486 1096 1571; baseline -0.002 -19"><span class='ocrx_word' id='word_1_109' title='bbox 93 1488 183 1552; x_wconf 93' lang='lat' dir='ltr'>cuius</span> <span class='ocrx_word' id='word_1_110' title='bbox 215 1487 310 1551; x_wconf 91' lang='lat' dir='ltr'>modo</span> <span class='ocrx_word' id='word_1_111' title='bbox 337 1486 400 1551; x_wconf 86' lang='lat' dir='ltr'>feci</span> <span class='ocrx_word' id='word_1_112' title='bbox 431 1486 642 1569; x_wconf 86' lang='lat' dir='ltr'>mentionem,</span> <span class='ocrx_word' id='word_1_113' title='bbox 674 1486 702 1550; x_wconf 89' lang='lat' dir='ltr'>si</span> <span class='ocrx_word' id='word_1_114' title='bbox 732 1486 825 1550; x_wconf 93' lang='lat' dir='ltr'>nulla</span> <span class='ocrx_word' id='word_1_115' title='bbox 851 1509 902 1551; x_wconf 88' lang='lat' dir='ltr'>res</span> <span class='ocrx_word' id='word_1_116' title='bbox 930 1486 1096 1571; x_wconf 89' lang='lat' dir='ltr'>impediat,</span> 
     </span>
     <span class='ocr_line' id='line_1_16' title="bbox 92 1574 1096 1657; baseline -0.001 -18"><span class='ocrx_word' id='word_1_117' title='bbox 92 1596 187 1639; x_wconf 94' lang='lat' dir='ltr'>nemo</span> <span class='ocrx_word' id='word_1_118' title='bbox 215 1577 279 1657; x_wconf 90' lang='lat' dir='ltr'>est,</span> <span class='ocrx_word' id='word_1_119' title='bbox 311 1574 390 1657; x_wconf 92' lang='lat' dir='ltr'>quin</span> <span class='ocrx_word' id='word_1_120' title='bbox 416 1595 479 1656; x_wconf 86' lang='lat' dir='ltr'>eo,</span> <span class='ocrx_word' id='word_1_121' title='bbox 499 1595 563 1657; x_wconf 91' lang='lat' dir='ltr'>quo</span> <span class='ocrx_word' id='word_1_122' title='bbox 586 1575 765 1656; x_wconf 81' lang='lat' dir='ltr'>consuevit,</span> <span class='ocrx_word' id='word_1_123' title='bbox 798 1574 952 1638; x_wconf 88' lang='lat' dir='ltr'>libentius</span> <span class='ocrx_word' id='word_1_124' title='bbox 984 1577 1096 1638; x_wconf 90' lang='lat' dir='ltr'>utatur</span> 
     </span>
     <span class='ocr_line' id='line_1_17' title="bbox 93 1661 1097 1746; baseline -0.002 -19"><span class='ocrx_word' id='word_1_125' title='bbox 93 1684 191 1746; x_wconf 90' lang='lat' dir='ltr'>quam</span> <span class='ocrx_word' id='word_1_126' title='bbox 213 1661 390 1726; x_wconf 90' lang='lat' dir='ltr'>intractato</span> <span class='ocrx_word' id='word_1_127' title='bbox 414 1664 446 1725; x_wconf 92' lang='lat' dir='ltr'>et</span> <span class='ocrx_word' id='word_1_128' title='bbox 464 1683 558 1727; x_wconf 84' lang='lat' dir='ltr'>novo.</span> <span class='ocrx_word' id='word_1_129' title='bbox 592 1661 660 1726; x_wconf 90' lang='lat' dir='ltr'>Nec</span> <span class='ocrx_word' id='word_1_130' title='bbox 682 1682 759 1727; x_wconf 86' lang='lat' dir='ltr'>vero</span> <span class='ocrx_word' id='word_1_131' title='bbox 786 1661 821 1726; x_wconf 91' lang='lat' dir='ltr'>in</span> <span class='ocrx_word' id='word_1_132' title='bbox 847 1661 923 1745; x_wconf 93' lang='lat' dir='ltr'>hoc,</span> <span class='ocrx_word' id='word_1_133' title='bbox 942 1662 1028 1745; x_wconf 90' lang='lat' dir='ltr'>quod</span> <span class='ocrx_word' id='word_1_134' title='bbox 1047 1665 1097 1725; x_wconf 91' lang='lat' dir='ltr'>est</span> 
     </span>
     <span class='ocr_line' id='line_1_18' title="bbox 93 1748 1096 1834; baseline -0.001 -19"><span class='ocrx_word' id='word_1_135' title='bbox 93 1750 223 1832; x_wconf 86' lang='lat' dir='ltr'>animal,</span> <span class='ocrx_word' id='word_1_136' title='bbox 247 1748 303 1813; x_wconf 92' lang='lat' dir='ltr'>sed</span> <span class='ocrx_word' id='word_1_137' title='bbox 324 1750 360 1814; x_wconf 94' lang='lat' dir='ltr'>in</span> <span class='ocrx_word' id='word_1_138' title='bbox 381 1749 421 1812; x_wconf 91' lang='lat' dir='ltr'>iis</span> <span class='ocrx_word' id='word_1_139' title='bbox 445 1750 553 1834; x_wconf 88' lang='lat' dir='ltr'>etiam,</span> <span class='ocrx_word' id='word_1_140' title='bbox 577 1771 658 1834; x_wconf 88' lang='lat' dir='ltr'>quae</span> <span class='ocrx_word' id='word_1_141' title='bbox 681 1753 758 1814; x_wconf 90' lang='lat' dir='ltr'>sunt</span> <span class='ocrx_word' id='word_1_142' title='bbox 779 1749 938 1832; x_wconf 86' lang='lat' dir='ltr'>inanima,</span> <span class='ocrx_word' id='word_1_143' title='bbox 967 1770 1096 1815; x_wconf 91' lang='lat' dir='ltr'>consue·</span> 
     </span>
     <span class='ocr_line' id='line_1_19' title="bbox 92 1837 1096 1922; baseline 0 -21"><span class='ocrx_word' id='word_1_144' title='bbox 92 1838 171 1902; x_wconf 88' lang='lat' dir='ltr'>tudo</span> <span class='ocrx_word' id='word_1_145' title='bbox 198 1837 299 1920; x_wconf 86' lang='lat' dir='ltr'>valet,</span> <span class='ocrx_word' id='word_1_146' title='bbox 331 1859 429 1920; x_wconf 94' lang='lat' dir='ltr'>quom</span> <span class='ocrx_word' id='word_1_147' title='bbox 460 1837 539 1902; x_wconf 89' lang='lat' dir='ltr'>locis</span> <span class='ocrx_word' id='word_1_148' title='bbox 565 1837 646 1922; x_wconf 88' lang='lat' dir='ltr'>ipsis</span> <span class='ocrx_word' id='word_1_149' title='bbox 675 1837 883 1921; x_wconf 86' lang='lat' dir='ltr'>delectemur,</span> <span class='ocrx_word' id='word_1_150' title='bbox 915 1838 1096 1904; x_wconf 88' lang='lat' dir='ltr'>montuosis</span> 
     </span>
     <span class='ocr_line' id='line_1_20' title="bbox 93 1924 1097 2009; baseline -0.002 -18"><span class='ocrx_word' id='word_1_151' title='bbox 93 1925 192 1991; x_wconf 84' lang='lat' dir='ltr'>etiam</span> <span class='ocrx_word' id='word_1_152' title='bbox 223 1928 257 1989; x_wconf 90' lang='lat' dir='ltr'>et</span> <span class='ocrx_word' id='word_1_153' title='bbox 289 1924 506 2009; x_wconf 84' lang='lat' dir='ltr'>silvestribus,</span> <span class='ocrx_word' id='word_1_154' title='bbox 538 1925 573 1988; x_wconf 90' lang='lat' dir='ltr'>in</span> <span class='ocrx_word' id='word_1_155' title='bbox 604 1924 721 2009; x_wconf 93' lang='lat' dir='ltr'>quibus</span> <span class='ocrx_word' id='word_1_156' title='bbox 753 1925 873 1991; x_wconf 89' lang='lat' dir='ltr'>diutius</span> <span class='ocrx_word' id='word_1_157' title='bbox 906 1925 1097 1991; x_wconf 88' lang='lat' dir='ltr'>commorati</span> 
     </span>
     <span class='ocr_line' id='line_1_21' title="bbox 93 2034 213 2076; baseline 0 0"><span class='ocrx_word' id='word_1_158' title='bbox 93 2034 213 2076; x_wconf 89' lang='lat' dir='ltr'>sumus.</span> 
     </span>
    </p>

    <p class='ocr_par' dir='ltr' id='par_1_4' title="bbox 90 2098 1174 3061">
     <span class='ocr_line' id='line_1_22' title="bbox 160 2098 1148 2186; baseline 0.004 -22"><span class='ocrx_word' id='word_1_159' title='bbox 160 2098 222 2164; x_wconf 85' lang='lat' dir='ltr'>Sed</span> <span class='ocrx_word' id='word_1_160' title='bbox 244 2099 421 2164; x_wconf 83' lang='lat' dir='ltr'>maximum</span> <span class='ocrx_word' id='word_1_161' title='bbox 440 2103 489 2164; x_wconf 88' lang='lat' dir='ltr'>est</span> <span class='ocrx_word' id='word_1_162' title='bbox 506 2100 543 2165; x_wconf 94' lang='lat' dir='ltr'>in</span> <span class='ocrx_word' id='word_1_163' title='bbox 559 2101 702 2166; x_wconf 88' lang='lat' dir='ltr'>amicitia</span> <span class='ocrx_word' id='word_1_164' title='bbox 723 2124 836 2186; x_wconf 89' lang='lat' dir='ltr'>parem</span> <span class='ocrx_word' id='word_1_165' title='bbox 855 2123 924 2167; x_wconf 91' lang='lat' dir='ltr'>esse</span> <span class='ocrx_word' id='word_1_166' title='bbox 942 2101 1096 2166; x_wconf 87' lang='lat' dir='ltr'>inferiori</span> <span class='ocrx_word' id='word_1_167' title='bbox 1116 2119 1148 2168; x_wconf 78' lang='lat' dir='ltr'>ec</span> 
     </span>
     <span class='ocr_line' id='line_1_23' title="bbox 93 2186 1097 2273; baseline 0.003 -22"><span class='ocrx_word' id='word_1_168' title='bbox 93 2186 196 2272; x_wconf 81' lang='lat' dir='ltr'>Saepe</span> <span class='ocrx_word' id='word_1_169' title='bbox 224 2187 309 2252; x_wconf 92' lang='lat' dir='ltr'>enim</span> <span class='ocrx_word' id='word_1_170' title='bbox 336 2187 545 2253; x_wconf 86' lang='lat' dir='ltr'>excellentiae</span> <span class='ocrx_word' id='word_1_171' title='bbox 577 2189 735 2273; x_wconf 90' lang='lat' dir='ltr'>quaedam</span> <span class='ocrx_word' id='word_1_172' title='bbox 767 2192 856 2272; x_wconf 89' lang='lat' dir='ltr'>sunt,</span> <span class='ocrx_word' id='word_1_173' title='bbox 888 2190 994 2272; x_wconf 87' lang='lat' dir='ltr'>qualis</span> <span class='ocrx_word' id='word_1_174' title='bbox 1027 2194 1097 2254; x_wconf 87' lang='lat' dir='ltr'>erat</span> 
     </span>
     <span class='ocr_line' id='line_1_24' title="bbox 94 2273 1097 2361; baseline 0.004 -23"><span class='ocrx_word' id='word_1_175' title='bbox 94 2273 284 2359; x_wconf 83' lang='lat' dir='ltr'>Scipionis</span> <span class='ocrx_word' id='word_1_176' title='bbox 275 2297 309 2339; x_wconf 90' lang='grc' dir='ltr'>ιιι</span> <span class='ocrx_word' id='word_1_177' title='bbox 330 2279 458 2359; x_wconf 89' lang='lat' dir='ltr'>nostro,</span> <span class='ocrx_word' id='word_1_178' title='bbox 487 2280 525 2340; x_wconf 92' lang='lat' dir='ltr'>ut</span> <span class='ocrx_word' id='word_1_179' title='bbox 546 2276 595 2340; x_wconf 91' lang='lat' dir='ltr'>ita</span> <span class='ocrx_word' id='word_1_180' title='bbox 617 2277 735 2359; x_wconf 91' lang='lat' dir='ltr'>dicam,</span> <span class='ocrx_word' id='word_1_181' title='bbox 758 2297 865 2361; x_wconf 81' lang='lat' dir='ltr'>grege.</span> <span class='ocrx_word' id='word_1_182' title='bbox 910 2275 1097 2360; x_wconf 90' lang='lat' dir='ltr'>Numquam</span> 
     </span>
     <span class='ocr_line' id='line_1_25' title="bbox 94 2359 1097 2463; baseline 0.002 -36"><span class='ocrx_word' id='word_1_183' title='bbox 94 2384 128 2428; x_wconf 90' lang='lat' dir='ltr'>se</span> <span class='ocrx_word' id='word_1_184' title='bbox 149 2364 207 2427; x_wconf 92' lang='lat' dir='ltr'>ille</span> <span class='ocrx_word' id='word_1_185' title='bbox 230 2363 339 2446; x_wconf 83' lang='lat' dir='ltr'>Philo,</span> <span class='ocrx_word' id='word_1_186' title='bbox 361 2385 538 2447; x_wconf 89' lang='lat' dir='ltr'>numquam</span> <span class='ocrx_word' id='word_1_187' title='bbox 548 2359 710 2446; x_wconf 87' lang='lat' dir='ltr'>Rupilio,</span> <span class='ocrx_word' id='word_1_188' title='bbox 736 2385 916 2463; x_wconf 90' lang='lat' dir='ltr'>numquam</span> <span class='ocrx_word' id='word_1_189' title='bbox 940 2363 1097 2429; x_wconf 89' lang='lat' dir='ltr'>Mummio</span> 
     </span>
     <span class='ocr_line' id='line_1_26' title="bbox 94 2449 1174 2535; baseline 0.002 -21"><span class='ocrx_word' id='word_1_190' title='bbox 94 2451 289 2534; x_wconf 86' lang='lat' dir='ltr'>anteposuit,</span> <span class='ocrx_word' id='word_1_191' title='bbox 307 2472 484 2535; x_wconf 87' lang='lat' dir='ltr'>numquam</span> <span class='ocrx_word' id='word_1_192' title='bbox 501 2450 663 2515; x_wconf 82' lang='lat' dir='ltr'>inferioris</span> <span class='ocrx_word' id='word_1_193' title='bbox 682 2449 804 2514; x_wconf 86' lang='lat' dir='ltr'>ordinis</span> <span class='ocrx_word' id='word_1_194' title='bbox 824 2450 944 2528; x_wconf 90' lang='lat' dir='ltr'>amicis,</span> <span class='ocrx_word' id='word_1_195' title='bbox 968 2449 1003 2524; x_wconf 78' lang='lat' dir='ltr'>Q.</span> <span class='ocrx_word' id='word_1_196' title='bbox 1020 2473 1097 2516; x_wconf 84' lang='lat' dir='ltr'>vero</span> <span class='ocrx_word' id='word_1_197' title='bbox 1171 2455 1174 2459; x_wconf 79' lang='grc'><strong>’</strong></span> 
     </span>
     <span class='ocr_line' id='line_1_27' title="bbox 92 2537 1098 2624; baseline -0.001 -21"><span class='ocrx_word' id='word_1_198' title='bbox 92 2538 271 2603; x_wconf 83' lang='lat' dir='ltr'>Maximum</span> <span class='ocrx_word' id='word_1_199' title='bbox 292 2538 441 2621; x_wconf 89' lang='lat' dir='ltr'>fratrem,</span> <span class='ocrx_word' id='word_1_200' title='bbox 468 2538 635 2624; x_wconf 81' lang='lat' dir='ltr'>egregium</span> <span class='ocrx_word' id='word_1_201' title='bbox 657 2537 762 2602; x_wconf 81' lang='lat' dir='ltr'>virum</span> <span class='ocrx_word' id='word_1_202' title='bbox 785 2537 930 2619; x_wconf 91' lang='lat' dir='ltr'>omnino,</span> <span class='ocrx_word' id='word_1_203' title='bbox 961 2537 1023 2600; x_wconf 92' lang='lat' dir='ltr'>sibi</span> <span class='ocrx_word' id='word_1_204' title='bbox 1045 2559 1098 2602; x_wconf 91' lang='lat' dir='ltr'>ne-</span> 
     </span>
     <span class='ocr_line' id='line_1_28' title="bbox 94 2625 1098 2710; baseline -0.001 -20"><span class='ocrx_word' id='word_1_205' title='bbox 94 2648 257 2710; x_wconf 90' lang='lat' dir='ltr'>quaquam</span> <span class='ocrx_word' id='word_1_206' title='bbox 279 2647 404 2709; x_wconf 89' lang='lat' dir='ltr'>parem,</span> <span class='ocrx_word' id='word_1_207' title='bbox 436 2627 522 2709; x_wconf 93' lang='lat' dir='ltr'>quod</span> <span class='ocrx_word' id='word_1_208' title='bbox 547 2627 576 2703; x_wconf 88' lang='lat' dir='ltr'>is</span> <span class='ocrx_word' id='word_1_209' title='bbox 605 2625 751 2690; x_wconf 89' lang='lat' dir='ltr'>anteibat</span> <span class='ocrx_word' id='word_1_210' title='bbox 780 2628 900 2706; x_wconf 89' lang='lat' dir='ltr'>aetate,</span> <span class='ocrx_word' id='word_1_211' title='bbox 930 2627 1098 2707; x_wconf 90' lang='lat' dir='ltr'>tamquam</span> 
     </span>
     <span class='ocr_line' id='line_1_29' title="bbox 94 2714 1097 2798; baseline -0.001 -21"><span class='ocrx_word' id='word_1_212' title='bbox 94 2715 293 2798; x_wconf 88' lang='lat' dir='ltr'>superiorem</span> <span class='ocrx_word' id='word_1_213' title='bbox 316 2714 444 2778; x_wconf 91' lang='lat' dir='ltr'>colebat</span> <span class='ocrx_word' id='word_1_214' title='bbox 467 2735 606 2797; x_wconf 90' lang='lat' dir='ltr'>suosque</span> <span class='ocrx_word' id='word_1_215' title='bbox 629 2733 740 2777; x_wconf 89' lang='lat' dir='ltr'>omnes</span> <span class='ocrx_word' id='word_1_216' title='bbox 763 2734 821 2796; x_wconf 92' lang='lat' dir='ltr'>per</span> <span class='ocrx_word' id='word_1_217' title='bbox 844 2733 878 2775; x_wconf 94' lang='lat' dir='ltr'>se</span> <span class='ocrx_word' id='word_1_218' title='bbox 901 2733 997 2795; x_wconf 86' lang='lat' dir='ltr'>posse</span> <span class='ocrx_word' id='word_1_219' title='bbox 1027 2733 1097 2776; x_wconf 89' lang='lat' dir='ltr'>esse</span> 
     </span>
     <span class='ocr_line' id='line_1_30' title="bbox 93 2799 1148 2883; baseline 0.002 -19"><span class='ocrx_word' id='word_1_220' title='bbox 93 2801 268 2883; x_wconf 87' lang='lat' dir='ltr'>ampliores</span> <span class='ocrx_word' id='word_1_221' title='bbox 290 2801 431 2865; x_wconf 85' lang='lat' dir='ltr'>volebat.</span> <span class='ocrx_word' id='word_1_222' title='bbox 465 2799 557 2876; x_wconf 84' lang='lat' dir='ltr'>Quod</span> <span class='ocrx_word' id='word_1_223' title='bbox 574 2799 755 2866; x_wconf 86' lang='lat' dir='ltr'>faciendum</span> <span class='ocrx_word' id='word_1_224' title='bbox 773 2799 1028 2881; x_wconf 90' lang='lat' dir='ltr'>imitandumque</span> <span class='ocrx_word' id='word_1_225' title='bbox 1047 2803 1097 2863; x_wconf 90' lang='lat' dir='ltr'>est</span> <span class='ocrx_word' id='word_1_226' title='bbox 1117 2817 1148 2866; x_wconf 83' lang='grc' dir='ltr'>ιο</span> 
     </span>
     <span class='ocr_line' id='line_1_31' title="bbox 93 2886 1098 2973; baseline 0.001 -23"><span class='ocrx_word' id='word_1_227' title='bbox 93 2887 256 2972; x_wconf 90' lang='lat' dir='ltr'>omnibus,</span> <span class='ocrx_word' id='word_1_228' title='bbox 283 2891 332 2972; x_wconf 89' lang='lat' dir='ltr'>ut,</span> <span class='ocrx_word' id='word_1_229' title='bbox 361 2889 389 2952; x_wconf 89' lang='lat' dir='ltr'>si</span> <span class='ocrx_word' id='word_1_230' title='bbox 413 2911 510 2972; x_wconf 89' lang='lat' dir='ltr'>quam</span> <span class='ocrx_word' id='word_1_231' title='bbox 532 2888 768 2973; x_wconf 88' lang='lat' dir='ltr'>praestantiam</span> <span class='ocrx_word' id='word_1_232' title='bbox 796 2887 940 2970; x_wconf 88' lang='lat' dir='ltr'>virtutis,</span> <span class='ocrx_word' id='word_1_233' title='bbox 967 2886 1098 2971; x_wconf 86' lang='lat' dir='ltr'>ingenii,</span> 
     </span>
     <span class='ocr_line' id='line_1_32' title="bbox 90 2973 1098 3061; baseline 0.002 -24"><span class='ocrx_word' id='word_1_234' title='bbox 90 2973 242 3040; x_wconf 85' lang='lat' dir='ltr'>fortunae</span> <span class='ocrx_word' id='word_1_235' title='bbox 264 2977 427 3041; x_wconf 88' lang='lat' dir='ltr'>consecuti</span> <span class='ocrx_word' id='word_1_236' title='bbox 451 2976 529 3059; x_wconf 92' lang='lat' dir='ltr'>sint,</span> <span class='ocrx_word' id='word_1_237' title='bbox 561 2975 739 3061; x_wconf 90' lang='lat' dir='ltr'>inpertiant</span> <span class='ocrx_word' id='word_1_238' title='bbox 766 2996 804 3039; x_wconf 91' lang='lat' dir='ltr'>ea</span> <span class='ocrx_word' id='word_1_239' title='bbox 830 2974 896 3038; x_wconf 91' lang='lat' dir='ltr'>suis</span> <span class='ocrx_word' id='word_1_240' title='bbox 924 2974 1098 3039; x_wconf 88' lang='lat' dir='ltr'>communi·</span> 
     </span>
    </p>

    <p class='ocr_par' dir='ltr' id='par_1_5' title="bbox 24 3061 1100 3499">
     <span class='ocr_line' id='line_1_33' title="bbox 24 3061 1098 3149; baseline 0.002 -24"><span class='ocrx_word' id='word_1_241' title='bbox 24 3090 28 3099; x_wconf 94' lang='lat'><em>·</em></span> <span class='ocrx_word' id='word_1_242' title='bbox 91 3065 228 3145; x_wconf 88' lang='lat' dir='ltr'>centque</span> <span class='ocrx_word' id='word_1_243' title='bbox 251 3084 324 3127; x_wconf 90' lang='lat' dir='ltr'>cum</span> <span class='ocrx_word' id='word_1_244' title='bbox 346 3063 512 3149; x_wconf 84' lang='lat' dir='ltr'>proximis,</span> <span class='ocrx_word' id='word_1_245' title='bbox 534 3067 581 3146; x_wconf 91' lang='lat' dir='ltr'>ut,</span> <span class='ocrx_word' id='word_1_246' title='bbox 604 3063 631 3127; x_wconf 90' lang='lat' dir='ltr'>si</span> <span class='ocrx_word' id='word_1_247' title='bbox 654 3062 843 3147; x_wconf 88' lang='lat' dir='ltr'>parentibus</span> <span class='ocrx_word' id='word_1_248' title='bbox 866 3061 936 3126; x_wconf 89' lang='lat' dir='ltr'>nati</span> <span class='ocrx_word' id='word_1_249' title='bbox 957 3062 1023 3126; x_wconf 88' lang='lat' dir='ltr'>sint</span> <span class='ocrx_word' id='word_1_250' title='bbox 1041 3063 1098 3127; x_wconf 94' lang='lat' dir='ltr'>hu·</span> 
     </span>
     <span class='ocr_line' id='line_1_34' title="bbox 92 3149 1098 3236; baseline 0.002 -21"><span class='ocrx_word' id='word_1_251' title='bbox 92 3150 234 3234; x_wconf 90' lang='lat' dir='ltr'>milibus,</span> <span class='ocrx_word' id='word_1_252' title='bbox 258 3150 286 3215; x_wconf 88' lang='lat' dir='ltr'>si</span> <span class='ocrx_word' id='word_1_253' title='bbox 309 3151 508 3236; x_wconf 90' lang='lat' dir='ltr'>propinquos</span> <span class='ocrx_word' id='word_1_254' title='bbox 530 3151 673 3215; x_wconf 82' lang='lat' dir='ltr'>habeant</span> <span class='ocrx_word' id='word_1_255' title='bbox 696 3149 896 3215; x_wconf 83' lang='lat' dir='ltr'>inbecilliora</span> <span class='ocrx_word' id='word_1_256' title='bbox 918 3149 970 3215; x_wconf 82' lang='lat' dir='ltr'>vel</span> <span class='ocrx_word' id='word_1_257' title='bbox 990 3151 1098 3217; x_wconf 90' lang='lat' dir='ltr'>animo</span> 
     </span>
     <span class='ocr_line' id='line_1_35' title="bbox 91 3238 1100 3323; baseline 0.002 -21"><span class='ocrx_word' id='word_1_258' title='bbox 91 3239 145 3303; x_wconf 86' lang='lat' dir='ltr'>vel</span> <span class='ocrx_word' id='word_1_259' title='bbox 167 3238 313 3316; x_wconf 86' lang='lat' dir='ltr'>fortuna,</span> <span class='ocrx_word' id='word_1_260' title='bbox 341 3260 452 3303; x_wconf 88' lang='lat' dir='ltr'>corum</span> <span class='ocrx_word' id='word_1_261' title='bbox 480 3241 622 3323; x_wconf 86' lang='lat' dir='ltr'>augeant</span> <span class='ocrx_word' id='word_1_262' title='bbox 650 3259 727 3322; x_wconf 91' lang='lat' dir='ltr'>opes</span> <span class='ocrx_word' id='word_1_263' title='bbox 756 3238 864 3322; x_wconf 87' lang='lat' dir='ltr'>eisquc</span> <span class='ocrx_word' id='word_1_264' title='bbox 887 3238 1004 3303; x_wconf 88' lang='lat' dir='ltr'>honori</span> <span class='ocrx_word' id='word_1_265' title='bbox 1033 3239 1100 3304; x_wconf 90' lang='lat' dir='ltr'>sint</span> 
     </span>
     <span class='ocr_line' id='line_1_36' title="bbox 92 3324 1099 3412; baseline 0.001 -22"><span class='ocrx_word' id='word_1_266' title='bbox 92 3330 125 3391; x_wconf 91' lang='lat' dir='ltr'>et</span> <span class='ocrx_word' id='word_1_267' title='bbox 149 3325 311 3411; x_wconf 83' lang='lat' dir='ltr'>dignitati.</span> <span class='ocrx_word' id='word_1_268' title='bbox 355 3324 402 3390; x_wconf 90' lang='lat' dir='ltr'>Ut</span> <span class='ocrx_word' id='word_1_269' title='bbox 429 3326 463 3391; x_wconf 92' lang='lat' dir='ltr'>in</span> <span class='ocrx_word' id='word_1_270' title='bbox 484 3325 619 3409; x_wconf 86' lang='lat' dir='ltr'>fabulis,</span> <span class='ocrx_word' id='word_1_271' title='bbox 656 3326 712 3409; x_wconf 93' lang='lat' dir='ltr'>qui</span> <span class='ocrx_word' id='word_1_272' title='bbox 740 3326 937 3410; x_wconf 91' lang='lat' dir='ltr'>aliquamdiu</span> <span class='ocrx_word' id='word_1_273' title='bbox 965 3332 1099 3412; x_wconf 87' lang='lat' dir='ltr'>propter</span> 
     </span>
     <span class='ocr_line' id='line_1_37' title="bbox 90 3412 1100 3499; baseline 0.001 -22"><span class='ocrx_word' id='word_1_274' title='bbox 90 3414 330 3499; x_wconf 81' lang='lat' dir='ltr'>ignorationem</span> <span class='ocrx_word' id='word_1_275' title='bbox 349 3413 465 3498; x_wconf 66' lang='lat' dir='ltr'>,stirpis</span> <span class='ocrx_word' id='word_1_276' title='bbox 494 3416 526 3478; x_wconf 91' lang='lat' dir='ltr'>et</span> <span class='ocrx_word' id='word_1_277' title='bbox 554 3414 681 3499; x_wconf 81' lang='lat' dir='ltr'>generis</span> <span class='ocrx_word' id='word_1_278' title='bbox 709 3414 744 3478; x_wconf 88' lang='lat' dir='ltr'>in</span> <span class='ocrx_word' id='word_1_279' title='bbox 769 3412 930 3479; x_wconf 82' lang='lat' dir='ltr'>famulatu</span> <span class='ocrx_word' id='word_1_280' title='bbox 956 3415 1100 3496; x_wconf 82' lang='lat' dir='ltr'>fuerunt,</span> 
     </span>
    </p>
   </div>
   <div class='ocr_carea' id='block_1_3' title="bbox 91 3500 1099 3685">
    <p class='ocr_par' dir='ltr' id='par_1_6' title="bbox 91 3500 1099 3685">
     <span class='ocr_line' id='line_1_38' title="bbox 91 3500 1099 3685; baseline 0.002 -120"><span class='ocrx_word' id='word_1_281' title='bbox 91 3522 164 3567; x_wconf 92' lang='lat' dir='ltr'>cum</span> <span class='ocrx_word' id='word_1_282' title='bbox 187 3500 412 3685; x_wconf 61' lang='lat' dir='ltr'>cognitissunt</span> <span class='ocrx_word' id='word_1_283' title='bbox 434 3504 468 3566; x_wconf 90' lang='lat' dir='ltr'>et</span> <span class='ocrx_word' id='word_1_284' title='bbox 495 3505 552 3567; x_wconf 93' lang='lat' dir='ltr'>aut</span> <span class='ocrx_word' id='word_1_285' title='bbox 578 3502 711 3567; x_wconf 88' lang='lat' dir='ltr'>deorum</span> <span class='ocrx_word' id='word_1_286' title='bbox 740 3506 795 3567; x_wconf 90' lang='lat' dir='ltr'>aut</span> <span class='ocrx_word' id='word_1_287' title='bbox 822 3523 937 3588; x_wconf 81' lang='lat' dir='ltr'>regum</span> <span class='ocrx_word' id='word_1_288' title='bbox 963 3503 1024 3566; x_wconf 91' lang='lat' dir='ltr'>filii</span> <span class='ocrx_word' id='word_1_289' title='bbox 1053 3502 1099 3567; x_wconf 88' lang='lat' dir='ltr'>in-</span> 
     </span>
    </p>
   </div>
   <div class='ocr_carea' id='block_1_4' title="bbox 287 3696 305 3819">
    <p class='ocr_par' dir='ltr' id='par_1_7' title="bbox 287 3696 305 3819">
     <span class='ocr_line' id='line_1_39' title="bbox 287 3696 305 3819; baseline 0 0"><span class='ocrx_word' id='word_1_290' title='bbox 287 3696 305 3819; x_wconf 84' lang='lat' dir='ltr'>l</span> 
     </span>
    </p>
   </div>
   <div class='ocr_carea' id='block_1_5' title="bbox 0 0 1242 3848">
    <p class='ocr_par' dir='ltr' id='par_1_8' title="bbox 0 0 1242 3848">
     <span class='ocr_line' id='line_1_40' title="bbox 0 0 1242 3848; baseline 0 0"><span class='ocrx_word' id='word_1_291' title='bbox 0 0 1242 3848; x_wconf 95' lang='lat' dir='ltr'> </span> 
     </span>
    </p>
   </div>
  </div>
 </body>
</html>
