2476 3848
472 168 711 234 -537-

87 333 148 396 est.
161 329 264 394 multo
287 328 476 414 proclivius,
506 329 598 394 nulle
619 328 813 393 necessitate
835 331 1003 412 premente
1032 351 1100 394 rem

87 418 254 503 publicam
281 438 393 502 regere
420 418 576 483 nescient.
619 416 797 502 Equidem,
820 422 857 481 ut
879 438 991 482 verum
1015 422 1102 481 esset

88 528 148 572 sue
170 507 339 572 voluntate
367 506 547 589 sapientem
575 505 765 571 descendere
789 505 830 569 ad
852 505 995 570 rationes
1023 505 1101 570 oiri·-

87 595 167 661 tutis
199 617 265 660 non
304 595 419 676 solere,
460 594 511 659 sin
544 597 652 660 eutem
684 593 885 679 temporibus
922 597 1101 678 cogeretur,

87 688 158 749 tum
187 683 221 748 id
252 705 369 748 munus
407 683 543 766 denique
575 703 641 748 non
674 703 838 762 recusare,
874 685 985 746 temen
1017 682 1100 746 erbi-

86 777 192 837 trerer
209 772 295 837 hene
312 770 419 836 rerum
438 771 581 836 civilium
599 771 732 836 minime
750 771 982 856 neglegendam
1001 770 1101 836 soien-

86 862 168 925 tism
192 861 345 945 sepienti,
373 863 547 945 propterea
575 859 661 944 quod
688 861 799 925 omnia
827 862 936 924 essent
959 858 988 923 ei
1010 879 1101 941 prae·

86 949 248 1034 parando,
285 949 401 1033 quibus
432 948 571 1013 nesciret
604 971 647 1014 en
679 947 853 1034 aliquando
886 948 935 1012 uti
969 968 1101 1012 neeesse

87 1041 181 1103 esset.
1112 1071 1129 1137 7

153 1124 245 1190 Haec
275 1125 423 1208 pluribus
452 1147 471 1189 a
498 1145 549 1189 me
581 1124 688 1190 verbis
721 1125 808 1191 diota
840 1129 917 1190 sunt
953 1125 997 1191 ob
1029 1146 1154 1226 eam12

88 1235 229 1298 eausam,
252 1213 338 1296 quod
356 1213 409 1278 his
428 1213 522 1278 libris
541 1216 611 1278 erat
628 1213 781 1279 institute
799 1217 833 1277 et
851 1218 1003 1297 susceptu
1021 1213 1101 1277 mihi

87 1303 126 1368 de
148 1323 184 1367 re
210 1302 341 1386 publiea
368 1300 559 1387 disputeti03
588 1323 671 1384 quae
700 1323 741 1366 ne
767 1301 891 1366 frustra
916 1301 1101 1384 hebetetur,

87 1391 325 1457 dubitationem
362 1392 402 1456 ed
437 1412 506 1455 rem
543 1391 707 1475 publicem
744 1390 883 1455 adeundi
916 1390 950 1452 in
986 1389 1101 1474 primis

87 1480 185 1544 debui
216 1479 340 1545 tollere.
394 1476 444 1544 Ae
479 1482 591 1544 temen
623 1479 651 1543 si
684 1478 739 1563 qui
775 1481 867 1558 sunt,
905 1479 961 1561 qui
996 1476 1102 1561 philo·

87 1568 266 1654 sophorum
288 1568 481 1633 auctoritate
500 1570 700 1653 moveantur,
723 1566 801 1633 dent
820 1588 952 1652 operam
970 1587 1101 1649 perum·

86 1679 145 1741 per
168 1659 265 1740 etque
289 1656 424 1721 audient
447 1678 512 1742 eos,
539 1677 675 1740 quorum
699 1676 827 1720 summe
850 1659 900 1719 est
924 1655 1100 1719 auotoritas

87 1746 171 1830 apud
186 1745 391 1810 doctissimos
405 1744 554 1810 homines
573 1748 606 1810 et
625 1744 745 1830 glorie3
766 1765 847 1829 quos
866 1763 927 1828 ego
942 1743 1101 1825 existimo,

87 1834 216 1899 etiamsi
238 1834 294 1917 qui
317 1833 381 1917 ipsi
403 1855 472 1899 rem
498 1833 663 1918 publicem
688 1854 754 1897 non
782 1833 956 1917 gesserint,
982 1835 1102 1914 temen,

88 1923 242 2007 quonium
266 1922 305 1987 de
328 1943 363 1987 re
389 1922 520 2006 publicu
547 1922 651 1987 mults
681 1920 879 2006 quaesierint
905 1924 939 1985 et
966 1921 1100 2004 seripse-

86 2013 167 2092 rint,
198 2011 330 2077 functos
358 2032 429 2076 esse
457 2011 567 2095 aliquo
594 2011 641 2075 rei
668 2010 820 2094 publicae
848 2029 987 2073 munere.
1032 2007 1101 2072 Eos

75 2120 163 2187 ¹vero
200 2102 338 2184 septem,
375 2121 456 2184 quos
495 2097 610 2164 Graeci
647 2099 805 2184 sapientis
841 2099 1101 2181 nominaverunt,

87 2188 193 2254 omnis
216 2209 319 2272 paene
342 2188 436 2253 video
458 2189 494 2252 in
517 2186 624 2251 medie
641 2208 676 2251 re
696 2187 829 2271 publica
852 2208 922 2252 esse
945 2189 1101 2252 versatos.

86 2275 200 2363 Neque
224 2275 309 2340 enim
333 2279 383 2340 est
410 2276 479 2340 ulle
501 2297 567 2360 res,
594 2277 628 2339 in
655 2297 720 2359 que.
746 2276 880 2360 propius
905 2274 945 2339 ad
968 2275 1101 2339 deorum

86 2387 207 2430 numen
224 2363 328 2428 virtus
348 2364 479 2429 secedat
500 2363 652 2446 humane,
675 2386 772 2449 quam
790 2364 932 2429 civitatis
952 2367 1008 2427 sut
1027 2384 1101 2427 eon·

88 2452 163 2519 dere
185 2474 288 2519 noves
312 2455 368 2516 sut
391 2473 581 2518 conservare
603 2452 670 2516 iem
694 2452 852 2518 conditas.

303 2866 354 2942 se,
373 2865 513 2941 se-ro,
534 2867 588 2944 633
613 2867 664 2943 42,
685 2865 825 2941 es-re,
845 2865 895 2923 ro.

156 2985 219 3049 tter
237 2983 356 3064 ibnqere
372 2985 476 3067 &cipio
494 2983 664 3066 biricenoss,
688 2985 737 3050 ber
754 2983 848 3050 better
865 2983 916 3047 bet
935 2979 1101 3062 (betprtqss,

89 3073 165 3153 gicht
187 3073 236 3137 ber
259 3073 428 3153 donatote
454 3075 508 3138 teo
536 3072 654 3154 iborpq
683 3085 736 3139 bor
762 3074 810 3138 ber
837 3069 1020 3151 brittotrotie
1041 3072 1101 3134 unt

89 3159 278 3226 semotius.
315 3159 375 3225 sie
388 3158 548 3243 detdttbte,
567 3162 630 3242 toqt
648 3179 688 3241 er,
705 3161 824 3242 benerit,
843 3157 899 3238 bot
918 3159 973 3223 bob
992 3157 1101 3240 susq:

89 3254 151 3314 tum
174 3248 218 3313 bie
241 3249 303 3313 beot
326 3248 477 3330 breuique
498 3250 677 3332 nattrtitbfte
695 3250 882 3329 &beatotum
904 3247 946 3324 ib.
983 3251 1168 3628 Natu?

89 3342 155 3419 ipse
177 3343 346 3401 commenta
369 3344 416 3401 est
437 3360 549 3420 regem,
571 3339 634 3420 toqt
650 3339 744 3420 tpdtet
763 3340 885 3405 &cneco
922 3335 998 3415 tlutb
1020 3336 1074 3401 bur
1111 3360 1116 3369 ·

90 3427 219 3510 diritate,
242 3426 322 3508 ittet
344 3445 375 3491 er
392 3427 460 3509 fort,
483 3425 547 3506 tort
564 3428 612 3509 tq
631 3427 767 3509 bortbun,
790 3427 918 3510 mebbeth
937 3424 1009 3504 biete
1027 3425 1072 3490 ue

89 3514 201 3598 fottunq
224 3515 301 3597 ittet
324 3516 401 3595 8tee
422 3516 489 3598 norb
514 3517 561 3582 eis
585 3517 631 3584 ue
653 3516 724 3596 bete
747 3518 840 3596 geben
863 3513 939 3594 mot.
986 3511 1052 3578 rore
