2476 3848
475 185 717 250 ..303-

102 336 382 432 convenirem,
403 372 486 433 quos
507 351 578 434 ipse
600 352 748 437 cognovi,
770 353 828 416 sed
843 353 921 416 illos
937 344 1048 436 etiam,
1065 355 1106 419 de

101 434 218 517 quibus
240 435 349 500 cudiri
370 441 405 501 et
426 437 494 523 legi
515 443 549 502 et
570 439 642 523 ipse
662 440 850 523 conscripsi.
886 439 957 514 Quo
975 442 1106 524 quidem

102 543 154 586 me
175 524 432 606 proficiscentem
453 525 541 590 haud
559 548 638 590 sane
655 528 729 611 quis
744 527 841 591 focile
859 530 1032 593 retraxerit
1046 552 1107 595 nec

101 614 269 693 tamquam
289 611 414 677 Peliam
435 615 604 679 reooxerit
635 614 681 679 Et
702 616 732 679 si
753 616 827 698 quis
844 615 923 679 deus
941 616 1023 680 mihi
1040 617 1104 682 lar-
1187 668 1193 685 ,

102 698 1106 787 gictur,utexhcccetcterepuerxscametincunisro·

95 786 203 870 giam,
234 788 329 851 valde
354 811 500 854 recusem
526 813 586 855 nec
611 813 688 856 vero
714 792 813 856 velim
845 793 940 874 quusi
970 793 1105 858 decurso

102 875 208 958 spatio
231 875 272 938 ad
289 898 433 941 carceres
451 901 472 941 a
489 879 577 943 calce
594 879 748 944 revocari
793 878 878 954 Quid
895 880 997 945 habet
1019 881 1105 945 enim
1122 888 1156 938 8⁴

104 962 173 1025 vita
194 964 376 1028 commodi?
403 966 480 1048 quid
501 988 569 1030 non
590 967 700 1049 potius
721 967 868 1032 laboris?
899 966 963 1032 Sed
984 969 1105 1033 habeat

102 1071 191 1132 sane,
222 1050 322 1115 habet
344 1056 430 1115 certe
456 1057 568 1117 tamen
590 1058 647 1118 aut
676 1056 864 1119 satietatem
886 1061 943 1120 sut
964 1057 1105 1121 modum

101 1135 177 1201 Non
198 1138 290 1202 lubet
312 1139 398 1203 enim
420 1140 502 1203 mihi
524 1140 693 1225 deplorare
710 1143 822 1226 vitam⁷
845 1144 932 1226 quod
949 1145 1053 1226 multi,
1071 1149 1106 1208 et

101 1225 125 1288 ii
152 1225 251 1308 docti,
282 1247 378 1311 saepe
404 1227 563 1311 fecerunt,
593 1251 698 1312 neque
724 1252 776 1294 me
803 1231 924 1294 vixisse
950 1233 1105 1315 paenitet,

102 1313 253 1395 quoniam
275 1314 324 1377 ita
343 1315 417 1395 vixi,
439 1318 477 1377 ut
495 1336 562 1379 non
574 1313 698 1379 frustra
711 1338 763 1380 me
776 1321 891 1380 natum
904 1319 1105 1402 existumem,

103 1404 136 1464 et
158 1422 197 1464 ex
219 1401 289 1465 vita
309 1402 359 1465 ita
380 1402 508 1466 discedo
525 1405 693 1484 tamquam
712 1424 751 1466 ex
769 1403 922 1487 hospitio,
943 1427 1010 1468 non
1024 1410 1105 1469 tcm-

101 1510 199 1570 quam
221 1510 238 1552 e
261 1489 365 1554 domo.
395 1488 625 1553 Commorandi
642 1490 728 1553 enim
745 1494 864 1553 natura
882 1490 1105 1556 devorsorium

101 1576 205 1658 nobis,
226 1598 293 1640 non
314 1576 484 1641 habitandi
506 1576 603 1640 dedit.
639 1575 666 1640 0
688 1578 892 1660 praeclarum
915 1577 1009 1661 diem,
1031 1600 1105 1642 oum

102 1664 137 1728 in
157 1663 241 1727 illud
263 1664 408 1729 divinum
431 1665 613 1728 animorum
635 1663 806 1728 concilium
824 1668 1015 1747 coetumque
1033 1687 1105 1750 pro

101 1751 227 1815 ficiscar
250 1773 385 1835 cumque
408 1774 447 1816 ex
469 1752 531 1816 hac
552 1752 650 1815 turbo
667 1755 700 1815 et
720 1752 910 1817 conluvione
929 1753 1103 1817 discedam!

101 1837 291 1903 Proficisoar
317 1840 403 1903 enim
424 1861 490 1904 non
512 1840 554 1904 ad
576 1862 631 1904 eos
660 1841 766 1904 solum
792 1840 893 1922 viros,
921 1840 960 1903 de
988 1841 1104 1923 quibus

102 1930 177 1990 ante
200 1927 274 2009 dixi,
295 1948 408 1991 verum
431 1928 530 1992 etiam
551 1928 593 1992 ad
610 1927 768 1993 Catonem
786 1949 903 2010 meum,
926 1950 989 2011 quo
1007 1950 1102 1993 nemo

102 2014 152 2078 vir
169 2014 284 2078 melior
305 2017 481 2099 natusest,
503 2036 598 2080 nemo
616 2016 738 2100 pietate
760 2016 993 2100 praestantior3
1015 2016 1104 2080 cuius

103 2123 196 2251 eume
224 2123 340 2185 corpus
368 2106 418 2202 est
445 2106 637 2187 crematum,
668 2103 754 2187 quod
776 2107 890 2254 plontrc
912 2104 1032 2254 decuit(i
1063 2103 1104 2167 sb

102 2210 313 2360 ipdotdiismiii
332 2211 1014 2360 θῖωέἓὲθοέἓϊῗοοῖοἶίεῗεεἰΐῗεθέιῖἓε1111ῗί
1040 2212 1105 2362 1ζὲ

104 2363 256 2428 cernebat
283 2383 353 2426 esse
380 2361 581 2426 veniendum.
625 2360 727 2436 Quem
761 2384 822 2447 ego
854 2385 962 2427 meum
993 2386 1104 2429 casum

102 2451 233 2515 fortiter
254 2450 339 2514 ferre
357 2449 446 2512 visus
465 2471 545 2532 sum,
567 2470 633 2514 non
646 2470 709 2531 quo
729 2470 831 2530 nequo
851 2451 958 2512 animo
976 2450 1105 2530 ferrem,

104 2539 160 2602 sed
183 2538 326 2621 meipso
349 2535 542 2600 consolabar
571 2535 768 2600 existumans
795 2556 861 2599 non
889 2535 1104 2617 longinquum

103 2627 189 2689 inter
223 2647 283 2689 nos
324 2624 504 2707 digressum
538 2625 572 2686 et
603 2622 778 2686 discessum
808 2621 886 2685 fore.
931 2620 992 2683 His
1024 2621 1106 2684 mihi
1123 2636 1157 2686 8⁶

104 2714 210 2794 rebus,
232 2709 348 2795 Scipio,
371 2708 418 2795 (id
441 2710 526 2773 enim
549 2712 582 2773 te
603 2731 675 2774 cnm
693 2708 804 2773 Laelio
828 2707 981 2771 admirari
1000 2708 1105 2771 solere

105 2799 229 2885 dixisti)
251 2799 332 2863 levis
355 2801 412 2862 est'
426 2801 582 2880 senectus,
600 2818 659 2861 neo
677 2797 783 2860 solum
800 2816 866 2858 non
884 2794 1031 2878 molesta,
1050 2794 1105 2858 sed

106 2886 205 2948 etiam
227 2886 373 2951 iucundo.
410 2884 530 2960 Quodsi
557 2885 592 2948 in
617 2884 679 2948 hoc
707 2904 792 2963 erro,
820 2881 874 2964 qui
897 2880 1022 2944 animos
1049 2881 1105 2946 ho·
1203 2882 1214 2900 “

106 2972 229 3035 minum
260 2972 448 3037 inmortales
485 2993 554 3035 esse
590 2971 731 3054 credam,
767 2969 906 3033 libenter
943 2989 1015 3032 erro
1046 2988 1105 3033 neo

105 3058 185 3123 mihi
208 3059 293 3125 huno
311 3081 461 3141 errorem,
480 3080 543 3141 quo
562 3058 711 3141 delector,
730 3057 806 3120 dum
819 3056 904 3140 vivo,
922 3055 1107 3140 extorqueri

104 3148 194 3229 volo;
218 3147 268 3211 sin
291 3150 452 3228 mortuus,
475 3149 512 3208 ut
536 3145 665 3228 quidam
688 3143 805 3208 minuti
826 3143 1014 3229 philosophi
1037 3165 1107 3209 oen·

106 3238 187 3317 sent,
209 3235 291 3298 nihil
315 3233 461 3314 sentiam,
479 3254 544 3296 non
558 3253 678 3315 vereor,
692 3253 732 3295 ne
746 3231 831 3296 hunc
845 3253 985 3297 errorem
999 3253 1108 3296 meum

87 3322 295 3406 ¹philosophi
321 3319 442 3384 mortui
473 3318 637 3382 irrideant.
682 3316 804 3394 Quodsi
825 3341 892 3386 non
920 3158 1176 3624 sunus}

106 3410 260 3473 mortales
283 3407 398 3488 futuri,
425 3409 536 3469 tamen
562 3405 708 3492 extingui
729 3407 853 3472 homini
876 3429 933 3472 suo
961 3410 1110 3490 temporo.

108 3495 252 3575 optabile
284 3498 343 3559 est.
387 3490 474 3556 Nam
497 3492 596 3557 habet
612 3498 731 3559 nature
747 3498 784 3559 ut
807 3495 944 3560 aliorum
963 3491 1079 3569 omni¹
