2476 3848
526 203 565 214 -—
612 167 764 232 392—

143 328 262 413 Incipit
283 329 365 412 labi,
387 327 500 393 deinde
522 328 598 394 ilico
621 327 753 392 desinit:

211 450 381 536 Operite,
404 449 615 534 abscedite,
637 450 711 516 itm
734 450 887 515 tandem

212 538 372 623 Mittite,
394 561 478 605 nam
502 539 720 605 attrectatu
739 539 777 603 et
798 559 939 623 quassu

255 625 415 694 Saevum
438 625 692 710 amplificatis
716 626 894 692 dolorem.

144 768 298 848 Videsne,
333 772 371 833 ut
402 767 598 832 obmutuerit
627 787 693 832 non
731 766 860 831 sedatus
897 767 1055 850 corporis,
1093 767 1153 832 sed

145 858 323 943 castigatus
350 855 449 920 animi
476 853 589 921 dolor?
637 853 751 940 Itaque
777 854 812 920 in
838 855 989 920 extremis
1019 852 1154 938 Niptris

145 944 225 1010 alios
249 965 373 1028 quoque
396 943 559 1027 obiurgat,
583 941 678 1027 idque
701 942 853 1009 moriens:

212 1065 401 1151 Conqueri
429 1065 626 1130 fortunam
658 1064 869 1150 adversam,
900 1069 975 1131 ndu
1006 1066 1154 1130 lamen-

840 1151 921 1217 tari
940 1153 1059 1218 decet.

211 1226 253 1306 ld
271 1241 347 1306 viri
365 1244 423 1306 est
442 1238 630 1322 officium,
653 1241 771 1305 fletus
790 1241 1155 1393 mlie'bdripingeni‘)

897 1352 916 1393 a
972 1351 984 1393 1
1008 1351 1059 1393 us.

145 1471 251 1537 Huius
283 1473 381 1537 animi
407 1493 482 1556 pars
509 1470 568 1534 illa
595 1469 724 1535 mollior
751 1469 870 1535 rationi
898 1469 945 1534 sic
971 1470 1090 1554 paruit,
1113 1475 1156 1536 ut

96 1612 137 1677 22
148 1582 258 1626 severo
280 1559 468 1644 imperatori
490 1559 583 1623 miles
606 1557 736 1642 pudens.

96 1691 127 1740 ⁵1
212 1646 251 1712 In
278 1669 339 1732 quo
367 1668 442 1712 vero
471 1647 532 1710 erit
558 1645 700 1730 perfecta
727 1645 886 1729 sapientia
912 1642 1021 1729 (quem
1044 1645 1153 1712 adhuc

146 1758 207 1801 nos
240 1735 365 1819 quidem
401 1734 539 1799 vidimus
575 1733 748 1817 neminem3
790 1733 846 1797 sed
880 1732 1153 1816 philosophorum

147 1823 328 1907 sententiis,
355 1823 457 1906 qualis
483 1821 536 1885 hic
561 1820 690 1886 futurus
717 1821 774 1903 sit,
802 1821 830 1885 si
856 1822 951 1887 modo
975 1821 1152 1904 aliquando

146 1912 257 1995 fuerit,
284 1907 480 1994 exponitur),
507 1909 535 1971 is
562 1908 675 1992 igitur,
690 1908 757 1973 sive
786 1930 823 1972 ea
849 1909 947 1992 ratio,
975 1930 1056 1992 quae
1087 1912 1154 1976 erit

146 2001 179 2063 in
204 2021 241 2064 eo
263 1996 404 2080 perfecta
427 1999 522 2079 atque
546 1996 708 2079 absoluta,
731 1997 777 2060 sic
800 1996 849 2060 illi
868 1997 954 2080 parti
973 1997 1155 2080 imperabit

146 2083 305 2165 inferiori,
335 2084 371 2146 ut
399 2082 501 2146 iustus
533 2103 650 2164 parens
679 2085 790 2167 probis
819 2085 908 2169 filiis,
939 2088 1032 2168 nutu,
1064 2088 1152 2170 quod

146 2171 247 2247 volet,
279 2169 436 2252 conficiet,
469 2170 557 2234 nullo
589 2170 713 2254 labore,
738 2171 828 2236 nulla
854 2172 1016 2257 molestia3
1045 2174 1154 2257 eriget

146 2258 234 2412 liic
249 2279 303 2411 {it
325 2257 1155 2424 {littlertlffltlultllublttbtl

146 2435 259 2518 tentio,
277 2433 476 2501 confirmatio
495 2452 663 2520 sermoque
681 2435 833 2519 intumus,
851 2456 922 2500 oum
941 2436 1010 2520 ipse
1026 2458 1152 2504 seoumr

96 2535 129 2585 oa
148 2520 249 2588 ‘Care
273 2524 368 2607 turpe
395 2522 579 2606 quicquam,
606 2523 808 2607 languidum,
834 2545 900 2589 uon
927 2524 1039 2589 virile?
1085 2525 1161 2590 0b->

146 2613 314 2676 versentur
345 2610 467 2694 species
499 2609 655 2676 honestae
690 2632 796 2693 verae5
832 2609 918 2675 Zeno
949 2618 1154 2695 proponatur

146 2698 290 2781 Eleates,
318 2699 373 2783 qui
399 2719 569 2783 perpessus
597 2703 647 2763 est
674 2699 783 2764 omnia
804 2699 927 2784 potius,
955 2721 1052 2784 quam
1074 2722 1152 2767 con·

147 2787 230 2852 scios
253 2786 403 2851 delendae
425 2786 605 2870 tyrannidis
628 2786 796 2870 indicaret3
820 2786 858 2851 de
876 2786 1068 2853 Anaxarcho
1088 2788 1152 2854 De·

146 2874 293 2940 mocritio
317 2874 488 2958 cogitetur,
511 2874 566 2958 qui
586 2896 658 2938 cum
677 2871 777 2958 Cypri
799 2874 835 2938 in
855 2897 971 2940 manus
990 2875 1152 2943 Timocre-

147 2963 232 3028 ontis
248 2962 335 3048 regis
353 2962 526 3045 incidisset,
543 2961 667 3025 nullum
681 2983 781 3047 genus
796 2962 947 3046 supplicii
960 2965 1152 3048 deprecatus

146 3053 196 3114 est
217 3071 319 3133 neque
341 3049 509 3114 recusavit.
550 3046 689 3114 Calenus
712 3047 824 3134 Indus,
846 3050 993 3117 indoctus
1017 3075 1053 3118 ao
1077 3053 1150 3121 bar·

145 3136 256 3212 barus,
279 3137 314 3200 in
331 3137 493 3202 radicibus
512 3134 649 3202 Caucasi
666 3140 774 3216 natus,
793 3161 852 3202 sua
869 3139 1037 3205 voluntate
1055 3140 1150 3204 vivus

147 3219 331 3283 combustus
354 3225 409 3284 est.
454 3219 537 3303 Nos,
563 3220 592 3284 si
613 3243 670 3305 pes
693 3223 870 3308 condoluit,
896 3225 924 3290 si
946 3225 1023 3293 dens
1045 3227 1072 3292 si
1094 3227 1148 3290 ad-

146 3308 265 3372 fectum
284 3306 351 3372 ullo
370 3309 479 3373 dolore
498 3329 621 3393 corpus,
639 3309 721 3375 ferre
737 3332 803 3376 non
815 3334 993 3395 possumus.
1029 3313 1146 3398 Opinio

146 3398 196 3459 est
218 3393 301 3457 enim
329 3393 485 3475 quaedam
507 3394 690 3459 effeminata
713 3417 750 3461 ao
776 3397 868 3481 levis,
894 3419 954 3466 nec
980 3400 1015 3465 in
1036 3401 1149 3466 dolore

146 3481 251 3566 magis
270 3502 366 3564 quam
384 3481 494 3545 eadem
516 3483 551 3546 in
570 3482 750 3566 voluptate,
771 3506 835 3569 qua
852 3507 925 3551 cum
942 3486 1148 3572 liquescimus
