2476 3848
482 193 769 267 —417-v

95 353 176 415 toris
207 351 289 416 iram
322 351 460 415 oratoris
492 350 642 415 incendat
673 351 767 416 actio.
821 351 936 415 Virum
964 351 1099 434 denique

96 439 198 503 videri
218 443 353 524 negant,
377 439 431 523 qui
454 439 550 504 irasci
571 439 710 521 nesciat,
733 460 878 523 eamque,
902 461 998 522 quam
1021 439 1100 502 leni-

95 533 197 592 tatem
219 549 278 592 nos
302 527 451 610 dicimuS,
473 527 591 592 vitioso
615 527 816 591 lentitudinis
836 527 967 592 nomine
991 527 1099 609 appel·

97 617 176 680 lant.
229 614 297 681 Nee
325 637 401 680 vero
430 617 533 679 solum
560 615 644 680 hanc
674 615 842 680 libidinem
872 614 1006 679 laudant
1037 611 1101 697 (est
1118 624 1157 673 44

95 704 183 767 enim
214 704 277 787 ira,
308 706 344 768 ut
376 703 471 768 modo
504 703 645 786 definivi,
676 703 851 768 ulciscendi
881 700 1008 787 libido),
1045 702 1099 766 sed

97 792 203 874 ipsum
221 791 302 855 illud
321 811 421 875 genus
440 792 491 856 vel
514 792 656 856 libidinis
676 792 728 860 vel
746 791 932 874 cupiditatis
957 790 998 854 ad
1017 812 1100 854 aum-

97 902 184 943 mam
215 879 390 943 utilitatem
420 901 489 944 esse
519 880 630 945 dicunt
661 903 680 944 a
708 882 825 944 natura
856 879 981 963 datum3
1016 877 1101 941 nihil

98 968 184 1031 enim
213 988 417 1051 quemquam,
444 967 507 1032 nisi
537 967 621 1052 quod
649 968 772 1052 lubeat,
803 967 968 1052 praeclare
994 966 1100 1030 facere

97 1078 201 1139 posse.
259 1053 367 1118 Noctu
405 1055 591 1119 ambulabat
626 1056 660 1120 in
695 1056 824 1139 publico
860 1055 1101 1138 Themistocles,

95 1165 170 1208 cum
199 1164 346 1208 somnum
369 1163 481 1225 capere
503 1166 569 1208 non
591 1148 714 1227 posset,
742 1144 1030 1228 quaerentibusque
1053 1164 1101 1207 re·

98 1230 279 1314 spondebat
308 1229 466 1294 Miltiadis
504 1232 645 1313 tropaeis
677 1253 711 1296 se
744 1253 760 1294 e
793 1253 906 1296 somno
943 1232 1101 1296 suscitari.

97 1317 159 1383 Oui
176 1340 242 1384 non
260 1320 335 1382 sunt
354 1318 481 1381 auditae
500 1317 727 1382 Demosthenis
746 1317 901 1401 vigiliae?
920 1320 975 1402 qui
994 1320 1101 1383 dolere

98 1429 131 1471 se
155 1406 275 1489 aiebat,
298 1406 327 1470 si
350 1405 477 1489 quando
500 1405 649 1487 opificum
675 1406 865 1470 antelucana
887 1406 991 1470 victus
1016 1408 1102 1469 esset

97 1494 263 1559 industria.
299 1492 529 1575 Philosophiae
548 1492 683 1576 denique
702 1493 803 1576 ipsius
826 1493 987 1576 principes
1010 1514 1101 1556 num-

96 1605 194 1666 quam
217 1583 252 1646 in
275 1583 340 1646 suis
365 1581 478 1645 studiis
507 1583 616 1645 tantos
644 1601 833 1665 progressus
857 1580 926 1644 sine
949 1581 1102 1663 flagranti

96 1670 274 1754 cupiditate
295 1669 401 1734 facere
423 1669 614 1752 potuissent.
657 1667 798 1734 Ultimas
820 1672 924 1732 terras
947 1668 1101 1732 lustrasse

97 1758 322 1843 Pythagoran,
351 1756 584 1838 Democritum,
611 1756 780 1820 Platonem
803 1757 993 1839 accepimus.
1037 1755 1103 1820 Ubi

97 1847 184 1910 enim
208 1845 358 1930 quioquid
376 1849 475 1929 esset,
498 1845 582 1929 quod
606 1845 685 1908 disci
708 1847 831 1929 posset,
855 1866 891 1909 eo
909 1844 1101 1908 veniendum

98 1934 328 1998 iudicaverunt.
381 1931 469 1998 Num
495 1936 646 2015 putamus
674 1932 754 1996 haec
781 1933 850 1996 ficri
877 1933 946 1996 sine
976 1954 1102 1997 summo

97 2022 285 2103 cupiditatis
309 2021 422 2086 ardore
445 2020 614 2103 potuisse?

163 2108 272 2190 Ipsam
296 2109 542 2193 aegritudinem,
571 2130 666 2191 quam
688 2129 747 2172 nos
770 2111 808 2171 ut
835 2110 976 2171 taetram
999 2111 1032 2170 et
1053 2107 1101 2171 in·
1111 2076 1155 2202 244}

98 2215 224 2257 manem
252 2194 380 2258 beluam
407 2195 593 2280 fugiendam
621 2194 772 2278 diximus,
798 2216 865 2258 non
891 2194 959 2258 sine
982 2215 1102 2278 magna

98 2281 239 2345 utilitate
254 2303 273 2344 a
286 2285 401 2346 natura
420 2284 531 2347 dicunt
548 2283 767 2365 constitutam,
785 2286 822 2346 ut
840 2282 987 2346 homines
1006 2283 1101 2346 casti-

96 2369 296 2454 gationibus,
324 2369 640 2452 reprehensionibus,
667 2370 854 2454 ignominiis
883 2370 977 2434 adfici
1005 2392 1038 2434 se
1067 2371 1101 2434 in

96 2457 216 2520 delicto
240 2457 394 2521 dolerent
429 2458 599 2540 Inpunitas
623 2458 708 2521 enim
730 2463 934 2540 peccatorum
959 2457 1035 2521 data
1057 2458 1102 2521 vi·

97 2547 192 2609 detur
221 2545 280 2628 eis,
310 2544 364 2628 qui
393 2545 606 2629 ignominiam
636 2548 669 2609 et
697 2543 864 2609 infamiam
893 2545 1002 2609 ierunt
1033 2546 1102 2609 sine

97 2634 221 2717 dolore,
248 2634 388 2697 morderi
416 2638 465 2698 est
491 2633 606 2697 melius
634 2633 838 2698 conscientia.
887 2631 936 2696 Ex
965 2654 1028 2716 quo
1052 2637 1101 2697 est

98 2721 177 2784 illud
206 2743 222 2784 e
250 2721 316 2785 uita
344 2722 474 2786 ductum
497 2721 537 2786 ab
561 2721 707 2786 Afranio.
752 2719 838 2785 Nam
863 2741 936 2785 cum
964 2721 1101 2785 dissolu-

96 2812 150 2872 tus
174 2809 273 2873 filius:

163 2927 245 2993 Heu
269 2952 325 2994 me
348 2933 539 2996 miserum!

96 3073 167 3133 tum
192 3091 319 3134 severus
342 3076 448 3152 pater:

162 3191 257 3255 Dum
276 3193 384 3257 modo
404 3194 535 3258 doleat
554 3196 713 3279 aliquid,
737 3196 868 3261 doleat
889 3193 1100 3280 quidlubet.

97 3333 249 3417 Reliquas
268 3355 392 3417 quoque
414 3335 516 3417 partis
543 3336 753 3420 aegritudinis
775 3336 864 3399 utilis
886 3358 955 3400 esse
980 3230 1164 3630 dicad

96 3421 347 3485 misericordiam
367 3421 406 3485 ad
426 3444 520 3505 opem
537 3422 701 3488 ferendam
720 3427 752 3488 et
769 3423 935 3489 hominum
953 3425 1066 3507 indign

97 3530 168 3572 rum
202 3510 401 3574 calamitates
434 3511 659 3596 sublevandas,
692 3512 797 3595 ipsum
823 3511 904 3576 illud
936 3533 1028 3575 aemu
1081 3594 1084 3599 Ι

171 3621 353 3679 waltratae,
367 3623 411 3669 bic
424 3623 542 3680 pbttrlcpb.
555 3624 671 3680 &actites
936 3629 978 3679 Ἢ
