2476 3848
560 174 800 238 -474-

259 340 355 411 Quem
372 358 470 417 neque
489 339 561 397 fana
579 338 670 397 deum
687 356 741 396 nec
760 337 889 397 fulmina
907 355 962 396 nec
980 335 1143 396 minitanti

258 431 413 488 Murmure
437 427 614 504 compressit
636 427 766 504 caelum,
789 426 842 485 sed
865 445 900 485 eo
923 425 1020 503 magis
1039 443 1147 484 acrem

257 518 369 577 inritat
392 517 485 576 enimi
507 516 665 586 virtutem,
689 515 846 592 effringere
870 517 906 574 ut
929 517 996 573 arta

257 607 394 666 Naturae
417 606 533 681 primus
556 607 712 679 portarum
735 604 868 663 claustra
889 603 1008 679 cupiret
1023 650 1029 660 .
1046 648 1075 661 ..

258 694 357 765 Quare
381 694 488 771 religio
511 693 638 769 pedibus
657 693 793 752 subiecta
815 691 949 751 vicissim

259 782 429 860 Opteritur,
452 800 506 841 nos
529 784 678 858 exaequat
700 780 828 841 victoria
851 781 943 839 caelo.

237 919 281 983 bs
309 919 412 1000 birote
442 918 527 1000 nicht,
555 918 634 999 fibri
660 917 763 999 buccea
790 919 861 999 tort,
892 930 950 983 inec
976 916 1025 999 tid]
1054 929 1114 983 ton
1139 919 1191 983 ber

169 1007 363 1089 bottetprat
385 1007 503 1088 tcelcqt,
527 1007 618 1072 boarit
640 1008 694 1072 ten
717 1007 787 1087 aceo
810 1007 861 1072 bet
885 1006 1013 1087 breccis,
1035 1006 1090 1071 ben
1116 1007 1189 1088 itaq

171 1097 247 1161 einer
277 1096 420 1176 radiolos
448 1095 589 1176 ibetsteit
616 1114 650 1175 311
677 1095 811 1160 hebetet.
858 1095 948 1176 blein,
979 1094 1042 1174 jere
1074 1095 1188 1177 isscbn:

169 1185 378 1266 novitatesque
401 1197 459 1249 aaa
481 1185 643 1264 pimenion
662 1183 787 1249 blittero
811 1183 947 1264 tielensis
969 1184 1067 1263 [pitter
1090 1182 1120 1262 io
1146 1186 1189 1266 oft

169 1293 203 1355 311
226 1273 412 1354 §dictitabat
434 1275 493 1337 uni
520 1273 738 1355 uredicilaten
761 1271 875 1354 {boten
898 1277 1022 1352 gersten.
1069 1272 1188 1352 iliatam

169 1363 280 1443 itcbm
294 1363 331 1442 lei
345 1360 512 1443 iphigenia,
528 1362 572 1426 bie
582 1360 786 1442 britqeborene
800 1361 878 1425 eines
893 1359 1048 1442 misitque
1061 1358 1187 1442 tltniqe,

169 1470 234 1532 aum
267 1451 362 1534 iipfet
394 1451 523 1531 getulico.
570 1453 633 1516 ber
661 1450 756 1526 {liutto
784 1449 844 1514 eine
872 1448 1012 1530 qtfidtitbe
1039 1448 1189 1529 ductabat

169 1552 227 1605 ooo
246 1540 299 1604 ben
313 1539 476 1620 eumentes
489 1537 614 1604 blittero
628 1556 662 1618 ιιι
681 1537 824 1618 enutries,
843 1538 915 1618 bobo
933 1555 1001 1603 mon
1019 1535 1056 1617 lie
1073 1536 1187 1617 libini:

169 1627 220 1708 lid]
244 1646 291 1693 cm
315 1629 416 1694 littore
440 1627 573 1708 qeoplert,
597 1627 653 1690 tos
677 1626 798 1692 saucit
820 1627 880 1691 nub
903 1625 949 1691 bie
967 1625 1189 1707 ilienicbibbleit

169 1717 421 1798 niobesiimplenb
468 1720 600 1778 Tantum
622 1719 730 1796 religio
752 1718 855 1795 potuit
877 1718 1003 1777 suadere
1026 1719 1187 1778 malorum

116 1889 160 2042 126
236 1926 382 2010 Exposui
409 1925 476 1989 fere
503 1946 570 1988 non
596 1925 866 2009 philosophorum
893 1924 1024 2008 iudicia,
1052 1925 1110 1990 sed
1134 1924 1188 1989 de-

116 1993 337 2079 42Ιίιιιιιιίιιιιι
365 2013 501 2078 somnia.
546 2011 615 2078 Nec
644 2015 730 2077 enim
758 2015 860 2078 multo
891 2013 1081 2079 absurdiora
1109 2019 1187 2079 sunt

171 2125 217 2185 ea,
240 2123 322 2184 quae
346 2104 515 2184 politanum
533 2101 667 2166 vocibus
691 2101 859 2184 fuea1psa
882 2102 1045 2167 suavitate
1067 2123 1186 2168 nocue·

169 2192 259 2272 runt,
292 2190 347 2272 qui
375 2190 444 2253 et
434 2212 484 2254 rra
510 2189 729 2255 inflammatos
754 2197 787 2256 et
809 2190 942 2255 libidine
969 2189 1087 2255 furent
1064 2194 1107 2255 t1s
1136 2191 1188 2256 in-

170 2278 329 2342 duxerunt
357 2277 433 2343 deos
460 2278 684 2366 feceruntque,
716 2284 753 2344 ut
781 2301 890 2344 eorum
919 2279 1018 2364 bella,
1051 2279 1187 2366 proelia,

169 2387 309 2452 pugnas,
336 2367 471 2432 vulnera
499 2367 694 2454 videremus,
725 2367 798 2432 odia
826 2371 1009 2451 praeterea,
1042 2367 1187 2454 discidia,

171 2455 360 2542 discordias,
390 2459 494 2540 ortus,
521 2457 685 2541 interitus,
718 2456 891 2539 querellas,
924 2455 1188 2542 lamentationes,

171 2544 287 2609 effusas
310 2545 344 2608 in
363 2545 453 2609 omni
470 2544 722 2628 intemperantia
741 2543 902 2628 libidines,
925 2544 1093 2623 adulteria,
1117 2545 1188 2609 vin·

171 2634 256 2717 cula,
283 2655 355 2698 cum
382 2633 525 2698 humano
554 2654 669 2718 genere
697 2633 888 2698 concubitus
911 2633 1125 2716 mortalisque
1149 2655 1190 2698 ex

117 2735 152 2783 43
170 2722 339 2787 inmortali
370 2725 564 2806 procreatos.
615 2720 697 2787 Oum
730 2724 899 2805 poetarum
936 2725 1045 2786 autem
1077 2742 1189 2787 errore

172 2811 364 2894 coniungere
397 2810 474 2874 licet
504 2814 655 2893 portenta
684 2830 855 2894 magorum
882 2808 1188 2894 Aegyptiorumque

171 2899 206 2962 in
229 2899 342 2964 eodem
365 2919 482 2983 genere
506 2898 710 2982 dementiam,
733 2903 804 2964 tum
826 2899 925 2963 etiam
948 2898 1039 2982 vulgi
1063 2899 1189 2982 opinio·

171 3008 240 3070 nee,
262 2987 397 3070 quaein
416 2988 558 3051 maxima
575 2987 793 3052 inconstantia
810 2986 958 3052 veritatis
978 2987 1188 3072 ignoratione

172 3079 351 3141 versantur.
404 3075 455 3140 Ea
487 3075 542 3159 qui
580 3075 763 3141 consideret
748 3080 896 3159 tquam
931 3075 1117 3141 inconsulte
1150 3097 1189 3142 ac

171 3165 293 3226 temere
316 3163 424 3228 dicant
410 3168 478 3248 tur,
504 3165 652 3228 venerari
674 3163 853 3248 Epicurum
881 3165 977 3230 etin
1004 3186 1118 3230 eorum
1140 3165 1189 3248 ip·

173 3271 284 3314 eorum
306 3273 455 3337 numera,
483 3252 521 3316 de
550 3253 666 3336 quibus
693 3253 774 3318 haec
802 3253 1035 3338 quaestio,
973 3256 1023 3318 est
1008 3253 1189 3318 thabere

174 3337 296 3404 debeat.
343 3303 455 3404 Solus
459 3341 546 3404 enim
568 3341 652 3406 vidit
674 3341 815 3424 primum
839 3363 910 3407 esse
933 3341 1019 3425 deos,
1042 3341 1165 3424 quod
1155 3363 1192 3408 m

173 3428 317 3492 omnium
341 3428 458 3493 animis
482 3450 593 3494 eorum
615 3431 783 3495 notionem
805 3429 1044 3514 inpressisset
1034 3449 1109 3514 ipsa
1131 3452 1191 3495 na-

92 3474 134 3638 ,
164 3519 246 3584 tura.
295 3514 386 3596 Quae
410 3520 461 3586 est
484 3518 571 3586 enim
592 3539 671 3608 gens
695 3523 752 3584 aut
773 3519 860 3604 quod
882 3538 985 3604 genus
1007 3517 1192 3606 hominum,
