2476 3848
478 178 722 245 ..401-

92 335 149 399 alii
168 334 232 418 ipsi
251 335 445 400 occiderunt.
481 333 589 419 Atque
603 334 639 399 hi
656 335 783 419 quidem
803 338 936 418 optuma
954 339 1101 418 petentes

93 426 241 486 nontam
256 423 423 488 voluntate
439 444 535 507 quam
550 444 662 488 cursus
677 443 784 486 errore
798 421 964 486 falluntur.
996 421 1101 498 Quid?

95 510 150 592 qui
168 511 322 593 pecuniae
342 511 527 594 cupiditate,
551 510 605 593 qui
625 511 827 593 voluptatum
845 508 979 575 libidine
997 510 1100 574 ferun-

93 599 157 679 tur,
179 619 379 684 quorumque
398 599 445 663 ita
460 599 692 682 perturbantur
706 597 814 678 animi,
831 601 949 661 utnon
965 598 1100 661 multum

95 684 205 748 absint
227 686 268 750 ab
291 686 432 771 insania,
460 685 545 770 quod
568 685 795 768 insipientibus
819 684 979 770 contingit
1002 685 1102 749 omni-

93 772 164 856 bus,
186 773 238 836 his
261 773 390 839 nullane
415 779 474 839 est:
487 773 675 857 adhibenda,
693 772 838 839 curalio?
884 777 992 837 utrum
1016 772 1101 858 quod

95 860 199 924 minus
223 865 362 925 noceant
385 862 483 926 animi
507 861 748 947 aegrotationes
767 882 864 945 quam
882 861 1035 943 corporis,
1059 882 1099 925 an

95 948 180 1031 quod
192 969 334 1032 corpora
354 951 458 1013 curari
477 949 613 1033 possint,
632 950 812 1015 animorum
832 948 990 1013 medicina
1009 949 1100 1012 nulla
1119 965 1141 1028 3

94 1035 159 1099 sit?
198 1035 243 1099 At
265 1038 298 1099 et
321 1036 426 1100 morbi
449 1037 693 1120 perniciosiores
712 1038 883 1124 pluresque
907 1041 982 1101 sunt
1001 1036 1100 1102 animi
1119 1070 1135 1116 f,

96 1144 192 1206 quam
216 1125 374 1207 corporis,
400 1121 463 1188 hoc
491 1124 576 1188 enim
603 1125 675 1209 ipso
703 1125 805 1188 odiosi
830 1127 918 1208 sunt,
947 1125 1031 1208 quod
1060 1125 1099 1189 ed

95 1211 239 1274 animum
267 1211 432 1294 pertinent
460 1233 594 1294 eumque
621 1211 813 1295 sollicitant,
841 1211 1100 1296 ‘animusque

93 1296 234 1382 aeger',
261 1302 298 1363 ut
321 1300 367 1364 ait
389 1297 529 1376 Ennius,
558 1295 722 1380 ‘semper
749 1303 852 1362 errat
874 1321 993 1383 neque
1016 1302 1101 1383 pati

94 1408 215 1469 neque
229 1387 384 1471 perpeti
397 1388 541 1470 potest,
560 1406 698 1469 cupere
716 1406 919 1468 numquam
934 1386 1100 1451 desinit?

93 1473 219 1548 Quibus
244 1475 367 1539 duobus
391 1473 526 1557 morbis,
549 1476 586 1536 ut
608 1472 758 1536 omittam
782 1473 877 1556 alios,
900 1473 1100 1556 aegritudine

94 1564 126 1625 et
157 1561 346 1645 cupiditate,
384 1560 440 1644 qui
470 1559 600 1625 tandem
633 1563 770 1643 possunt
800 1560 833 1623 in
866 1581 998 1642 corpore
1030 1582 1099 1624 esse

95 1649 283 1732 graviores?
329 1647 389 1724 Qui
418 1670 493 1714 vero
521 1647 652 1732 probari
679 1650 801 1731 potest,
830 1650 867 1711 ut
889 1647 952 1712 sibi
979 1646 1099 1712 mederi

93 1736 219 1801 animus
247 1759 312 1802 non
345 1737 463 1821 possit,
495 1758 568 1801 cum
595 1735 700 1819 ipsam
732 1733 922 1799 medicinam
954 1736 1098 1818 corporis

93 1824 219 1889 animus
252 1825 423 1907 invenerit,
456 1845 591 1907 cumque
620 1822 659 1887 ad
692 1843 862 1907 corporum
896 1824 1098 1888 sanationem

93 1913 228 1977 multum
253 1914 324 1997 ipsa
347 1934 483 1996 corpora
502 1914 535 1975 et
556 1914 673 1976 natura
692 1911 798 1975 valeat
819 1931 879 1974 nec
902 1932 1023 1995 omnes,
1044 1912 1098 1994 qni

91 2001 199 2064 curari
231 2021 265 2064 se
301 2001 390 2085 passi
427 2000 504 2083 sint,
541 1998 693 2064 continuo
730 1998 829 2063 etiam
865 1998 1099 2082 convalescant,

93 2088 190 2151 animi
224 2090 344 2169 autem,
375 2089 430 2171 qui
461 2109 494 2151 se
527 2087 637 2152 sanari
663 2086 826 2151 voluerint
856 2087 1098 2171 praeceptisque

92 2175 288 2259 sapientium
312 2176 489 2259 paruerint,
516 2175 585 2239 sine
608 2174 676 2239 ulla
700 2173 901 2238 dubitatione
926 2174 1098 2239 sanentur?

92 2262 153 2326 nst
176 2261 320 2345 profecto
345 2263 444 2326 animi
468 2262 634 2345 medicina,
657 2259 876 2345 philosophia3
900 2261 989 2326 cuius
1009 2263 1134 2326 auxi-e

92 2351 169 2413 lium
197 2370 262 2413 non
289 2353 325 2413 ut
352 2349 385 2413 in
414 2350 557 2432 corporis
584 2349 705 2412 morbis
733 2349 905 2431 petendum
933 2352 983 2413 est
1009 2349 1098 2432 foris,

92 2436 303 2522 omnibusque
318 2437 434 2521 opibus
448 2436 582 2519 viribus,
602 2439 638 2500 nt
652 2440 779 2501 nosmet
791 2437 855 2519 ipsi
868 2436 963 2501 nobis
978 2436 1098 2500 mederi

92 2526 265 2608 possimus,
288 2524 516 2589 elaborandum
540 2529 599 2588 est.

476 2918 504 2990 a,
525 2918 640 2990 12-7,
664 2914 712 2973 15.

157 3051 236 3115 aran
260 3050 329 3129 arab
353 3070 390 3116 cn
414 3053 476 3116 bem
500 3051 585 3132 &aba
608 3049 761 3131 felttyostm,
785 3048 842 3127 tub
865 3049 1027 3129 bertildis

90 3139 309 3206 bettmmeroie
332 3139 534 3220 aaruqtnqlid
558 3139 598 3219 ut.
636 3138 724 3214 Brnur
746 3136 834 3215 finiet
857 3136 905 3200 ber
924 3136 981 3201 illo

90 3227 228 3306 tructos,
252 3225 343 3306 triten
361 3226 472 3308 (serit
489 3226 555 3307 περὶ
577 3219 713 3298 πένθους
735 3224 836 3289 bireto
859 3224 906 3303 fle
925 3223 999 3304 [eine
1046 3236 1049 3241 ·

89 3319 199 3378 solatio
221 3311 254 3398 (Ῐ.
274 3315 352 3379 einr.
373 3313 427 3397 16)
451 3314 558 3396 bearet
580 3312 666 3394 butte,
688 3309 745 3390 bob
767 3310 830 3392 icae
851 3309 963 3393 ltoiirbe.

91 3399 124 3486 (ἱ.
134 3399 277 3487 bintae)
287 3422 320 3483 qu
336 3408 413 3468 teuer
426 3401 480 3466 mit
494 3402 584 3466 einen
593 3399 724 3481 batallo
736 3416 776 3465 aa
786 3397 873 3481 mter

89 3491 328 3571 allabentes
351 3490 443 3570 utile.
485 3487 661 3570 (bleidroobl
681 3484 751 3567 aab
771 3500 850 3569 aaa

142 3599 323 3652 scirentne,
339 3595 644 3652 superaccesserat
772 3592 775 3597 ·
833 3576 877 3623 -'·‘
