2476 3848
576 185 816 251 -568-

140 323 230 392 2111)
298 343 383 420 Quin
410 345 509 410 etiam
538 344 565 408 si
593 345 702 430 cupiat
724 345 832 429 proles
855 345 915 411 illa
936 345 1118 412 futurorum
1140 348 1197 413 ho-

157 402 315 497 23minum
339 432 487 517 deinceps
510 432 621 497 laudes
644 432 739 496 unius
762 432 915 517 cuiusque
936 438 1085 500 nostrum
1104 457 1124 500 a
1141 459 1198 520 pa·

191 521 297 585 tribus
326 523 474 605 acceptas
502 519 641 606 posteris
664 520 813 605 prodere,
843 525 953 586 tamen
974 525 1109 607 propter
1132 524 1197 588 elu-

191 609 303 673 viones
326 608 573 692 exustionesque
596 611 765 691 terrarum,
789 630 869 692 quas
889 610 1030 674 accidere
1049 614 1196 695 tempore

191 699 279 761 certo
297 717 427 761 necesse
442 699 502 779 est,
519 717 585 759 non
599 696 694 760 modo
710 698 801 778 [non]
816 701 989 782 aeternam,
1004 697 1114 762 sedne
1129 699 1196 763 diu-

191 787 320 848 turnam
337 784 464 867 quidem
479 783 618 869 gloriam
633 783 765 867 adsequi
778 805 959 869 possumus.
987 783 1070 860 Quid
1085 790 1195 852 autem

190 871 327 936 interest
349 871 390 936 ab
413 871 467 954 iis,
496 871 551 954 qui
572 875 687 955 postea
710 876 895 956 nascentur,
922 894 1102 938 sermonem
1125 874 1197 939 fore

161 959 230 1078 2dc
257 963 304 1043 te,
333 981 406 1025 cum
429 959 470 1023 ab
493 958 534 1023 iis
557 960 666 1023 nullus
688 959 800 1045 fuerit,
828 960 883 1044 qui
906 963 981 1025 aute
1003 962 1073 1025 nati
1097 964 1195 1028 sunt?

138 1015 172 1141 ξι
192 1046 247 1130 qui
268 1068 328 1112 nec
349 1045 516 1131 pauciores
540 1049 573 1111 et
591 1051 676 1112 certe
695 1048 845 1113 meliores
863 1048 994 1114 fuerunt
1011 1049 1083 1134 viri,
1105 1072 1195 1135 prac-

192 1134 305 1198 sertim
334 1156 407 1199 cum
434 1134 520 1218 apud
548 1156 602 1199 eos
629 1135 731 1221 ipsos,
762 1158 782 1200 a
809 1137 924 1220 quibus
950 1137 1054 1201 audiri
1077 1160 1196 1202 nomen

189 1224 338 1287 nostrum
361 1225 479 1306 potest,
501 1243 596 1287 nemo
618 1224 712 1287 unius
736 1224 812 1287 anni
834 1225 1024 1290 memoriam
1042 1226 1195 1310 consequi

190 1309 303 1395 possit.
330 1309 487 1374 Homines
506 1310 591 1374 enim
605 1311 806 1395 populariter
820 1333 939 1377 annum
954 1316 1083 1378 tantum
1097 1313 1194 1379 modo

191 1397 278 1480 solis,
301 1396 335 1461 id
357 1402 408 1462 est
429 1398 525 1462 unius
544 1398 634 1481 astri,
656 1398 762 1462 reditu
780 1399 971 1484 metiuntur;
994 1423 1066 1466 cum
1085 1406 1194 1466 autem
1232 1402 1236 1407 ’

191 1485 232 1550 ad
266 1485 367 1570 idem,
402 1485 486 1549 unde
524 1485 623 1550 semel
639 1486 801 1570 'profecta
833 1492 922 1570 sunt,
958 1493 1072 1553 cuncta
1105 1494 1195 1553 astra

190 1573 344 1638 redierint
371 1573 568 1656 eandemque
590 1573 693 1637 totius
716 1574 797 1639 caeli
820 1575 1062 1661 discriptionem
1084 1577 1193 1663 longis

189 1660 371 1725 intervallis
403 1661 602 1744 rettulerint,
633 1664 705 1726 tum
734 1663 791 1727 1111
822 1672 900 1728 vera
928 1669 1057 1729 vertens
1091 1687 1193 1729 annus

191 1749 349 1832 appellari
371 1752 493 1834 potest3
515 1748 550 1813 in
572 1771 635 1833 quo
658 1750 712 1814 vix
730 1749 833 1816 dicere
852 1751 954 1816 audeo
973 1773 1070 1835 quam
1089 1754 1194 1821 multa

189 1836 357 1901 hominum
378 1838 506 1902 saecula
524 1841 703 1902 teneantur.
738 1836 888 1923 Namque
905 1844 942 1903 ut
961 1840 1040 1903 olim
1059 1839 1193 1904 deficere

191 1925 240 1988 sol
259 1925 444 1990 hominibus
464 1925 690 2011 exstinguique
707 1926 795 1991 visus
815 1931 873 2008 111,
894 1947 967 1991 cum
980 1925 1111 1989 Romuli
1126 1928 1193 1989 ani-

191 2034 262 2077 mus
289 2014 368 2078 haec
394 2013 466 2098 ipsa
493 2014 527 2077 in
554 2015 678 2100 templa
703 2013 898 2098 penetravit,
931 2012 1121 2097 quandoque
1150 2015 1191 2077 ab

191 2100 302 2164 eadem
329 2105 423 2182 parta
451 2101 500 2164 sol
527 2101 701 2185 eodemque
723 2105 868 2185 tempora
890 2100 1010 2165 iterum
1032 2100 1193 2185 defecerit,

190 2191 259 2250 tum
285 2187 386 2272 signis
408 2188 557 2252 omnibus
577 2189 618 2253 ad
635 2189 828 2274 principium
848 2189 1015 2275 stellisque
1033 2190 1192 2255 revocatis

191 2275 354 2359 expletum
382 2298 501 2340 annum
525 2275 660 2360 habet03
687 2277 777 2343 cuius
800 2277 929 2361 quidem
952 2277 1028 2342 anni
1049 2278 1192 2342 nondum

138 2415 180 2483 23
190 2362 376 2429 vicesimam
398 2369 527 2448 partem
551 2365 631 2430 scito
655 2386 725 2429 1111
748 2386 945 2431 conversam.

137 2493 171 2545 25
256 2450 412 2527 Quocirca
439 2451 467 2516 si
494 2453 632 2517 reditum
659 2452 694 2515 in
720 2452 805 2517 huno
833 2453 939 2517 locum
962 2453 1191 2537 desperaveris,
1217 2471 1220 2476 ·

189 2539 225 2603 in
258 2561 321 2622 quo
359 2539 468 2604 omnia
500 2545 575 2605 sunt
606 2540 734 2625 magnis
767 2543 800 2604 ct
830 2541 1072 2624 praestantibus
1104 2541 1192 2624 viris,

191 2628 304 2710 quanti
331 2628 464 2692 tandem
491 2631 540 2692 est
567 2628 632 2692 ista
654 2627 820 2692 hominum
845 2628 962 2713 gloria,
990 2649 1071 2710 quae
1095 2629 1192 2711 perti-

190 2737 265 2779 nere
283 2715 338 2780 vix
357 2716 397 2779 ad
416 2717 509 2780 unius
529 2715 604 2779 anni
622 2720 749 2799 partem
768 2715 916 2801 exiguam
932 2715 1062 2799 potest?
1085 2713 1192 2798 Igitur

191 2803 256 2866 alte
280 2806 426 2886 spectare
450 2805 477 2867 si
499 2803 588 2868 voles
606 2807 710 2887 atquc
732 2803 816 2867 hanc
839 2803 946 2867 sedem
970 2805 1002 2865 et
1026 2805 1191 2869 aeternam

190 2890 320 2953 domum
344 2890 497 2974 contueri,
519 2912 623 2974 neque
645 2895 678 2955 te
702 2891 903 2955 sermonibus
921 2889 1014 2976 vulgi
1032 2889 1190 2954 dedideris

189 2999 247 3042 nec
273 2978 308 3041 in
339 2979 491 3063 praemiis
518 2978 668 3043 humanis
697 3001 787 3062 spem
814 2978 960 3063 posueris
987 2999 1095 3042 rerum
1122 2982 1191 3042 tua-

189 3086 275 3149 rum3
303 3067 369 3130 suis
396 3070 429 3130 te
453 3070 583 3151 oportet
604 3067 773 3131 inlecebris
796 3067 868 3151 ipsa
889 3066 993 3132 virtus
1017 3065 1128 3130 trahat
1151 3067 1192 3130 ad

190 3174 302 3217 rerum
325 3154 433 3239 decus,
462 3155 538 3238 quid
561 3155 599 3219 de
621 3158 654 3218 te
678 3155 735 3219 alii
757 3155 944 3238 loquantur,
966 3153 1030 3238 ipsi
1052 3153 1191 3236 videant,

191 3240 246 3302 sed
263 3240 442 3324 ‚loquentur
464 3247 581 3308 tamen.
618 3239 729 3306 Sermo
753 3246 861 3307 autem
885 3241 989 3306 omnis
1011 3241 1067 3305 ille
1087 3245 1119 3305 11
1138 3264 1192 3305 an-

190 3415 228 3479 de
251 3417 320 3481 ullo
343 3416 491 3502 perennis
514 3417 577 3481 fuit
600 3421 633 3482 11
656 3417 803 3482 obruitur
820 3417 988 3483 hominum
1006 3416 1140 3481 interitu
1158 3418 1191 3477 11

191 3328 307 3412 gustiis
327 3328 468 3415 cingitur
485 3331 525 3393 iis
544 3329 721 3414 regionum,
744 3351 824 3414 quas
842 3329 940 3412 vides,
962 3351 1021 3395 nec
1038 3350 1190 3411 umquam

63 3348 353 3631 3111111111
375 3504 578 3588 posteritatis
602 3505 809 3592 extinguitur.
