2476 3848
532 179 771 243 -148-

150 344 255 408 multa
280 343 366 407 enim
393 346 469 410 sunt
495 341 618 407 civibus
645 342 731 407 inter
753 364 787 406 se
810 342 1006 426 communie,
1035 342 1153 428 forum,

149 430 235 513 fana,
256 430 408 514 porticus,
430 430 511 513 viae,
533 430 631 515 leges,
653 430 733 513 iura,
751 429 876 514 iudicia,
897 430 1061 515 suffragia,
1080 453 1153 496 eon·

150 516 334 582 suetudines
360 520 528 601 praeterea
555 521 589 581 et
614 517 855 582 familiaritates
882 518 1057 601 multisque
1080 540 1153 584 cum

149 603 262 669 multis
284 626 335 669 res
359 605 563 688 rationesque
578 607 783 678 contractae.
828 605 942 669 Artior
964 627 1040 670 vero
1064 607 1152 671 colli·

151 691 241 777 gatio
268 695 319 756 est
346 692 511 757 societatis
538 693 807 777 propinquorum,
838 693 879 757 ab
906 693 965 757 illa
991 693 1076 757 euim
1103 694 1152 758 in-

149 801 262 844 mensa
278 779 432 844 societate
449 780 583 844 humani
600 780 727 864 generis
745 780 780 844 in
797 780 947 866 exiguum
966 785 1152 865 angustum-

98 881 212 950 54010
235 867 443 931 concluditur.
488 865 574 930 Nam
598 889 670 932 cum
693 867 736 931 sit
760 867 822 932 1100
843 871 961 932 natura
984 891 1152 934 commune

152 954 377 1038 animantium,
399 958 436 1018 ut
457 953 600 1019 habeant
622 954 800 1021 lubidinem
821 956 1023 1040 procreandi,
1045 956 1152 1039 prima

150 1041 287 1106 societas
301 1043 418 1127 inipso
438 1042 587 1128 coniugio
606 1046 664 1125 est,
681 1041 829 1127 proxima
846 1042 882 1106 in
899 1042 1020 1126 liberis,
1039 1044 1152 1108 deinde

149 1150 214 1194 una
231 1130 353 1213 domus,
371 1130 552 1194 communia
571 1129 691 1212 omnia3
709 1129 742 1192 id
761 1133 869 1193 autem
888 1133 938 1194 est
957 1131 1151 1215 principium

15 1164 239 1283 *ufta
258 1221 291 1281 01
309 1217 402 1300 quasi
420 1217 627 1281 seminarium
640 1216 688 1280 rei
700 1216 856 1300 publicae.
889 1215 1073 1301 Sequuntur
1089 1219 1152 1283 fra·

150 1309 237 1369 trum
265 1305 516 1388 coniunctiones,
543 1308 619 1389 post
646 1304 912 1369 consobrinorum
935 1306 1151 1370 sobrinorum-

150 1414 220 1476 que,
243 1393 299 1475 qui
317 1416 388 1457 cum
406 1415 471 1457 una
490 1393 584 1457 domo
601 1392 668 1457 iam
687 1391 759 1475 capi
776 1413 842 1456 non
859 1393 996 1477 possint,
1015 1393 1052 1456 in
1070 1394 1151 1458 alias

151 1479 262 1543 domos
277 1483 443 1564 tamquam
456 1481 491 1544 in
504 1480 647 1545 colonias
662 1483 787 1543 exeunt.
816 1477 1000 1564 Sequuntur
1015 1482 1151 1546 conubia

150 1571 183 1631 et
202 1567 393 1651 adfinitates,
416 1590 455 1632 ex
474 1568 590 1651 quibus
609 1567 707 1631 etiam
725 1567 835 1652 plures
858 1568 1045 1652 propinqui3
1068 1589 1150 1650 quae

149 1655 342 1739 propagatio
375 1658 408 1719 et
440 1656 569 1719 suboles
602 1655 694 1740 origo
726 1658 776 1718 est
803 1676 911 1720 rerum
940 1655 1150 1740 publicarum.

150 1739 322 1826 Sanguinis
340 1739 458 1806 ‘autem
485 1743 666 1807 coniunctio
697 1746 730 1806 01
761 1743 979 1808 benivolentia
1011 1743 1151 1808 devincit

27 1908 31 1913 ῃ
97 1843 131 1893 55
149 1829 296 1893 homines
318 1834 347 1893 et
368 1830 517 1912 caritate,
540 1851 693 1915 magnum
717 1834 767 1894 est
789 1831 875 1895 enim
898 1832 1009 1896 eadem
1031 1831 1150 1895 habere

149 1920 357 1981 monumenta
370 1917 538 1998 maiorum,
552 1917 672 1982 eisdem
685 1919 735 1983 uti
749 1919 858 2001 saeris,
873 1920 1019 2003 sepulcra
1030 1919 1150 1982 habere

149 2004 339 2069 communia
375 2001 437 2068 Sed
456 2005 598 2070 omnium
618 2006 809 2071 societatum
826 2006 918 2070 111110
930 2006 1150 2088 praestantior

149 2095 208 2174 est,
225 2092 317 2155 nulla
333 2092 466 2176 firmior,
485 2115 582 2176 quam
600 2115 672 2158 cum
690 2093 752 2158 viri
769 2094 847 2159 boni
864 2093 1007 2157 moribus
1027 2093 1149 2158 similes

149 2182 225 2242 sunt
237 2179 460 2244 familiaritate
474 2181 648 2264 coniuncti3
666 2181 748 2245 illud
762 2181 847 2245 euim
860 2180 1045 2265 honestum,
1065 2181 1151 2265 quod

149 2287 245 2351 saepe
268 2267 411 2350 dicimus,
434 2267 532 2332 etiam
556 2268 584 2332 si
606 2269 640 2333 in
661 2269 725 2332 alio
744 2268 912 2351 cernimus,
935 2271 1071 2349 [tamen]
1090 2291 1150 2333 nos

149 2357 257 2418 movet
285 2358 381 2438 atque
408 2355 471 2439 illi,
502 2355 537 2419 in
569 2378 631 2439 quo
663 2356 697 2421 id
722 2356 827 2420 inesse
859 2356 998 2439 videtur,
1031 2357 1150 2421 amicos

96 2440 236 2505 1510011.
280 2441 325 2505 Et
353 2464 547 2526 quamquam
575 2444 678 2508 omnis
707 2443 812 2508 virtus
838 2465 898 2508 nos
927 2443 967 2509 ad
991 2465 1025 2506 se
1049 2445 1151 2508 allicit

147 2529 302 2614 facitque,
329 2533 366 2593 ut
389 2552 443 2596 001
467 2530 654 2615 diligamus,
680 2531 714 2595 in
742 2531 858 2614 quibus
884 2531 956 2615 ipsa
977 2531 1083 2594 inesse
1105 2532 1151 2595 vi·

149 2616 271 2701 deutur,
293 2622 404 2683 tamen
424 2618 551 2683 iustitia
574 2622 607 2682 et
629 2618 809 2684 liberalitas
831 2617 865 2681 id
883 2616 1022 2681 maxime
1041 2618 1150 2682 efficit.

148 2704 240 2769 Nihil
259 2709 367 2770 autem
385 2710 435 2770 est
454 2706 625 2771 amabilius
644 2727 702 2771 nec
716 2704 897 2789 copulatius
912 2726 1010 2788 quam
1023 2726 1150 2769 morum

148 2793 326 2857 similitudo
341 2791 513 2877 bonorum,
531 2794 694 2877 inquibus
710 2793 795 2857 enim
813 2790 923 2857 eadem
943 2791 1051 2857 studia
1066 2796 1150 2877 sunt,

149 2880 279 2943 eaedem
300 2881 500 2964 voluntates,
527 2881 561 2944 in
582 2882 622 2945 iis
645 2881 683 2944 fit
705 2884 742 2944 ut
765 2901 864 2964 aeque
887 2880 1024 2965 quisque
1048 2882 1150 2945 altero

149 2965 325 3031 delectetur
343 2989 380 3032 00
399 2989 433 3032 10
455 2969 536 3052 ipso,
559 2967 759 3052 efficiturque
777 2967 819 3045 id,
843 2969 928 3053 quod
945 2969 1150 3054 Pythagoras

148 3054 219 3116 vult
237 3053 272 3118 in
290 3054 441 3138 amicitia,
459 3059 496 3119 ut
514 3077 595 3120 unus
612 3056 672 3120 fiat
686 3077 725 3120 ex
738 3056 895 3140 pluribus.
917 3057 1038 3142 Magna
1053 3057 1151 3121 etiam

148 3139 207 3204 illa
225 3142 438 3206 communitas
458 3146 516 3226 est,
539 3165 620 3227 quae
639 3143 807 3208 conficitur
826 3166 865 3209 ex
882 3145 1044 3210 beneficiis
1062 3145 1150 3208 ultro

149 3231 182 3291 et
209 3227 290 3292 citro
313 3229 398 3292 datis
421 3230 569 3315 acceptis,
597 3252 678 3315 quae
706 3235 739 3295 et
766 3236 879 3296 mutua
902 3236 935 3296 01
958 3234 1052 3316 grata
1075 3230 1151 3295 dum

149 3318 234 3399 sunt,
255 3314 341 3379 inter
364 3337 444 3398 quos
468 3338 505 3381 ea
528 3322 612 3402 sunt,
634 3319 729 3383 firma
747 3318 969 3384 devinciuntur
988 3317 1150 3383 societate.

97 3419 130 3468 51
150 3401 212 3466 Sed
239 3423 312 3466 cum
339 3404 448 3468 omnia
469 3405 595 3470 ratione
618 3406 789 3491 animoque
815 3405 980 3487 lustraris,
1008 3405 1152 3471 omnium

67 3518 96 3634 .
150 3490 341 3558 societatum
368 3493 459 3558 nulla
481 3496 531 3558 est
560 3493 704 3576 gravior,
729 3494 822 3559 nulla
847 3492 953 3560 carior
979 3513 1077 3575 quam
1104 3515 1152 3574 ea,
