2476 3848
474 179 713 243 -427-

90 342 124 406 iu
156 341 244 406 omni
281 341 512 425 disputatione,
548 341 623 423 quid
659 345 745 405 esset
782 341 981 406 simillimum
1016 344 1092 424 veri,

90 451 322 512 quaereremus.
358 428 461 504 Quem
478 449 601 492 morem
620 429 692 493 eum
707 426 887 493 Oameades
907 430 1092 495 acutissime

90 517 375 601 copiosissimeque
400 517 572 599 tenuisset,
602 515 736 581 fecimus
764 520 798 581 et
826 517 908 580 alias
935 539 1031 601 saepe
1061 521 1093 581 et

89 626 191 688 nuper
213 604 248 668 in
269 605 463 687 Tusculano,
485 608 523 668 ut
546 604 586 668 ad
609 626 681 669 eam
701 604 964 669 consuetudinem
986 605 1091 687 dispu-

89 696 240 756 taremus.
275 691 320 756 Et
341 691 509 776 quadridui
531 692 658 776 quidem
677 713 855 757 sermonem
874 692 1092 776 superioribus

91 780 130 844 ad
157 784 189 842 te
217 781 429 863 perscriptum
456 780 547 844 libris
574 781 734 864 misimus,
762 779 874 881 quinto
903 783 1009 845 eutem
1040 778 1091 843 die

90 890 162 931 cum
181 867 324 932 eodem
314 890 349 931 1n
366 867 437 933 loco
456 867 723 951 consedissemus,
746 869 793 933 sio
812 873 863 932 est
881 867 1092 952 propositum,

90 956 128 1019 de
151 977 214 1038 quo
236 955 485 1038 disputaremus·

155 1043 195 1107 A.
227 1042 310 1107 Non
345 1042 439 1106 mihi
475 1042 629 1107 videtur
664 1043 708 1107 ad
744 1043 854 1108 beate
890 1013 1137 1109 vrvendum
1112 1088 1144 1137 12

91 1131 188 1195 satis
211 1152 322 1212 posse
345 1131 537 1194 virtutem.
621 1180 623 1184 ,

155 1224 199 1281 M.
223 1219 269 1282 At
290 1217 419 1282 hercule
437 1216 538 1280 Bruto
561 1238 632 1281 meo
656 1217 793 1300 videtur,
817 1219 905 1283 cuius
929 1239 989 1304 ego
1012 1220 1092 1284 iudi·

90 1307 187 1387 cium,
210 1326 288 1389 pace
309 1308 367 1370 tua
390 1304 536 1387 dixerim,
563 1305 661 1388 longe
684 1308 845 1389 antepono
868 1309 933 1370 tuo.

155 1394 195 1458 A.
223 1392 297 1458 Non
316 1392 439 1475 dubito,
462 1412 521 1456 nec
538 1390 572 1455 id
589 1413 675 1456 nunc
693 1392 806 1476 agitur,
828 1396 865 1456 tu
882 1393 976 1457 illum
993 1414 1092 1476 quan·

89 1486 158 1546 tum
182 1503 282 1564 ames,
305 1481 360 1545 sed
382 1480 457 1563 hoc,
479 1477 563 1562 quod
586 1478 667 1547 mihi
690 1479 755 1544 dixi
778 1479 893 1562 videri,
922 1481 1016 1564 quale
1040 1480 1090 1563 sit,

91 1571 128 1634 de
152 1591 214 1652 quo
237 1591 257 1632 a
278 1571 312 1632 te
335 1567 491 1651 disputari
514 1567 597 1631 volo.

155 1663 199 1720 M.
225 1656 350 1739 Nempe
376 1676 476 1740 negas
504 1653 544 1718 ad
571 1655 665 1719 beate
692 1654 862 1718 vivendum
891 1654 969 1718 satis
997 1676 1092 1738 posse

89 1744 264 1809 virtutem?

111 1907 113 1912 Ι
155 1833 195 1896 A.
223 1832 356 1897 Prorsus
378 1851 471 1915 nego.

156 1927 200 1983 M.
224 1919 329 1995 Quid?
353 1919 393 1983 ad
410 1922 509 2003 recte,
526 1918 673 2000 honeste,
691 1916 911 2002 laudabiliter,
929 1921 1091 2001 postremo

87 2008 130 2072 ad
154 2009 234 2071 bene
257 2007 428 2071 vivendum
451 2007 572 2071 satisne
595 2009 644 2070 est
665 2005 818 2088 praesidii
841 2005 875 2069 in
898 2006 1039 2071 virtute?

157 2096 197 2158 A.
226 2091 320 2158 Certe
344 2095 432 2159 satis.

155 2188 199 2244 M.
231 2182 328 2245 Potes
360 2182 461 2266 igitur
495 2185 563 2263 aut,
594 2181 648 2264 qui
680 2178 764 2244 male
791 2181 891 2264 vivat,
922 2203 987 2245 non
1020 2205 1092 2248 eum

90 2268 242 2333 miserum
266 2268 370 2332 dicere
393 2273 462 2351 aut,
492 2290 586 2351 quem
613 2268 694 2332 bene
716 2266 852 2351 fateare,
880 2291 952 2332 eum
974 2291 1092 2355 negare

90 2358 184 2421 beate
207 2355 338 2420 vivere?

157 2445 197 2507 A.
225 2442 343 2518 Quidni
365 2442 508 2524 possim?
530 2465 604 2506 nam
628 2443 726 2507 etiem
748 2444 783 2507 in
805 2444 974 2507 tormentis
997 2448 1092 2528 recte,

90 2533 238 2614 honeste,
260 2529 465 2595 laudabiliter
484 2534 516 2594 et
534 2531 575 2594 ob
600 2552 671 2594 eam
693 2552 761 2594 rem
783 2531 864 2594 bene
887 2530 953 2594 vivi
975 2535 1092 2615 potest,

91 2620 166 2685 dum
189 2618 283 2685 modo
306 2617 488 2702 intellegas,
511 2617 587 2769 quid
608 2639 695 2682 nunc
718 2617 822 2683 dicam
845 2616 962 2681 ‘bene'
1009 2617 1091 2683 Dico

91 2708 175 2772 enim
204 2709 402 2790 constanter,
429 2705 535 2789 gravit
536 2726 583 2789 er,
611 2706 785 2789 sapienter,
812 2705 1144 2774 fortiter.Hae013

90 2796 225 2859 etiam
216 2817 250 2858 1n
278 2795 418 2859 eculeum
447 2793 641 2876 coiciuntur,
669 2815 731 2876 quo
759 2795 827 2858 vita
853 2815 918 2857 nou
949 2794 1093 2877 adspirat

90 2883 195 2944 beata

156 2975 201 3032 M.
225 2968 307 3043 Quid
330 2968 452 3052 igitur?
481 2969 591 3032 solane
614 2968 779 3032 beatat
731 2968 812 3050 vit,e
840 2988 972 3051 quaes0,
995 2969 1091 3034 relin-

91 3056 160 3140 quit
161 3078 198 3120 ur
216 3059 268 3119 ext
270 3077 306 3119 ra
254 3057 443 3119 tostium
462 3056 620 3139 limenque
640 3056 787 3137 carceris,
811 3076 883 3125 cum
900 3057 1091 3140 constantia,

90 3144 249 3228 gravitas,
274 3142 443 3225 fortitudo,
472 3143 632 3226 sapientia
658 3143 862 3226 reliquaeque
885 3143 1021 3208 virtutes
1042 3167 1091 3209 ra-

90 3232 221 3315 piantur
248 3231 289 3295 ad
315 3233 470 3295 tortorem
497 3230 685 3314 nullumque
711 3234 859 3294 recusent
885 3253 945 3296 nec
970 3232 1091 3316 suppli·

90 3319 175 3384 cium
197 3339 256 3383 nec
279 3318 442 3383 dolorem?

156 3409 196 3472 A.
223 3407 284 3490 Tu,
307 3405 335 3470 si
359 3406 435 3490 quid
454 3427 487 3470 es
510 3404 665 3489 facturus,
687 3427 773 3470 nova
794 3406 901 3490 aliqua
924 3268 1162 3634 coanirf

91 3499 232 3579 oportet3
254 3495 318 3558 ista
335 3514 385 3557 me
404 3493 536 3557 minime
555 3498 696 3577 movent,
719 3514 784 3558 non
802 3494 907 3559 solum
927 3495 1002 3577 quia
1020 3512 1061 3576 pe
