2476 3848
471 165 623 230 -327
670 202 712 213 -

90 327 225 410 propter
252 346 323 390 eam
351 325 563 411 suscipiamus
591 325 780 391 molestias?
827 325 910 402 Quid
937 325 1023 390 enim
1050 325 1096 388 in-

91 416 193 477 terest
216 417 307 479 motu
330 414 429 478 animi
453 414 582 478 sublato
604 435 671 477 non
693 414 763 479 dico
786 413 872 479 inter
890 414 1044 498 pecudem
1063 417 1096 476 et

90 501 268 578 hominem,
296 501 352 566 sed
379 502 465 566 inter
486 501 651 566 hominem
675 505 707 565 et
730 505 879 566 truncum
902 505 959 566 aut
982 522 1097 565 saxum

91 592 148 652 aut
172 589 298 672 quidvis
321 589 449 675 generis
472 589 637 653 eiusdem?
681 587 795 673 Neque
823 590 908 653 enim
936 593 1011 653 sunt
1039 588 1096 652 isti

92 677 255 760 audiendi,
284 677 339 760 qui
366 677 521 742 virtutem
548 677 662 741 duram
690 680 726 751 et,
750 677 841 760 quasi
865 677 1003 741 ferream
1027 697 1096 740 esse

91 765 252 849 quandam
271 765 399 848 volunt,
418 787 499 848 quae
518 765 647 848 quidem
662 769 712 829 est
726 787 798 830 cum
813 764 925 829 multis
939 765 974 828 in
992 765 1097 847 rebuS,

91 857 162 916 tum
185 853 219 916 in
242 852 384 918 amicitia
407 856 518 917 tenera
541 857 637 936 atque
660 853 858 936 tractabilis,
888 857 924 918 ut
947 856 980 917 et
1002 852 1096 917 bonis

92 939 187 1004 amici
219 941 312 1023 quasi
344 941 541 1005 diffundatur
573 945 606 1004 et
638 939 850 1006 incommodis
878 941 1096 1006 contrahatur.

92 1027 195 1102 Quam
219 1029 260 1092 ob
283 1050 351 1093 rem
370 1050 473 1114 angor
490 1029 562 1110 iste,
586 1027 640 1111 qui
659 1050 718 1112 pro
738 1029 841 1094 amico
860 1050 955 1112 saepe
973 1028 1098 1112 capien-

92 1117 151 1180 dus
176 1118 235 1198 est,
256 1137 323 1181 non
345 1119 473 1180 tantum
496 1116 593 1199 valet,
615 1119 652 1179 ut
673 1116 771 1180 tollat
790 1138 806 1181 e
826 1116 894 1181 vita
912 1116 1097 1197 amicitiam,

91 1225 158 1268 non
180 1203 254 1287 plus
278 1226 374 1287 quam
397 1207 434 1268 ut
457 1203 607 1287 virtutes,
632 1203 795 1287 quianon
817 1205 924 1270 nullas
948 1226 1041 1269 curas
1065 1206 1098 1267 et

92 1292 260 1356 molestias
283 1291 447 1375 adferunt,
469 1292 686 1374 repudientur.

160 1377 241 1443 Cum
268 1383 376 1444 autem
403 1379 576 1444 contrahat
604 1379 794 1463 amicitiam,
825 1383 862 1443 ut
894 1401 991 1464 supra
1023 1378 1097 1462 dixi,
1110 1376 1148 1441 14

92 1466 121 1530 si
145 1489 209 1550 qua
231 1467 426 1551 significatio
445 1467 575 1531 virtutis
595 1466 728 1551 eluceat,
752 1468 792 1531 ad
811 1488 909 1550 quam
928 1489 961 1530 se
981 1466 1095 1531 similis

76 1554 219 1619 animus
243 1554 383 1639 adplicet
411 1558 444 1619 et
471 1555 639 1640 adiungat,
666 1554 700 1618 id
727 1577 799 1619 cum
826 1552 977 1639 contigit,
1006 1576 1097 1619 amor

93 1642 256 1707 exoriatur
274 1664 403 1707 necesse
422 1646 481 1706 est.
517 1641 600 1718 Quid
619 1642 704 1706 enim
722 1645 791 1706 tam
811 1641 985 1706 absurdum
1000 1664 1097 1725 quam
1115 1656 1148 1706 49

93 1730 246 1795 delectari
268 1731 381 1795 multis
404 1729 555 1794 inanimis
578 1729 687 1812 rebus,
710 1734 747 1794 ut
769 1730 900 1814 honore,
923 1735 960 1794 ut
983 1729 1097 1816 gloria,
1210 1750 1214 1758 ’

92 1824 129 1882 ut
156 1818 314 1901 aedificic,
346 1822 383 1883 ut
414 1818 535 1883 vestitu
564 1819 716 1902 cultuque
743 1819 900 1902 corporis,
933 1819 1097 1883 animante

92 1906 213 1971 virtute
236 1906 397 1990 praedito,
420 1927 458 1970 eo
482 1906 538 1989 qui
559 1907 611 1970 vel
635 1928 744 1971 amare
767 1905 831 1989 vel,
854 1910 892 1970 ut
914 1907 961 1971 ita
984 1907 1097 1990 dicam,

93 1994 260 2058 redamare
282 1995 400 2077 possit,
429 2016 495 2059 non
517 1994 690 2059 admodum
714 1994 888 2059 delectari?
932 1993 1024 2058 Nihil
1048 1998 1097 2058 est

94 2081 179 2145 enim
202 2082 460 2146 remuneratione
487 2080 738 2166 benivolentiae,
767 2082 849 2146 nihil
878 2082 1098 2148 vicissitudine

94 2168 274 2232 studiorum
288 2169 530 2253 officiorumque
543 2170 719 2235 iucundius.
752 2169 843 2254 Quid,
862 2170 890 2234 si
903 2170 984 2235 illud
999 2170 1097 2236 etiam
1117 2184 1149 2234 50

94 2256 254 2333 addimuS‚
278 2257 363 2339 quod
384 2261 470 2322 recte
494 2258 567 2321 addi
589 2262 711 2343 potest,
738 2258 821 2322 nihil
844 2279 926 2342 esse,
950 2259 1035 2342 quod
1058 2260 1097 2323 ad

95 2365 128 2406 se
151 2364 220 2407 rem
243 2343 344 2408 ullam
366 2348 436 2409 tam
459 2345 582 2409 alliciat
605 2348 638 2409 et
660 2345 806 2409 attrahat
832 2367 929 2428 quam
958 2346 998 2410 ad
1021 2346 1098 2410 ami-

94 2431 205 2495 citiam
229 2431 428 2496 similitudo?
452 2433 642 2498 concedetur
660 2432 806 2517 profecto
825 2454 936 2496 verum
960 2455 1038 2516 esse,
1061 2438 1098 2497 ut

94 2519 197 2584 bonos
225 2518 303 2584 boni
329 2520 469 2605 diligant
492 2520 735 2603 adsciscantque
759 2520 820 2583 sibi
845 2521 936 2602 quasi
966 2521 1098 2604 propin-

94 2608 219 2692 quitate
242 2606 430 2673 coniunctos
454 2611 551 2691 atque
573 2611 699 2672 natura.
743 2606 835 2672 Nihil
864 2610 913 2670 est
936 2609 1020 2670 enim
1045 2629 1098 2691 ap-

93 2696 257 2779 petentius
272 2695 426 2760 similium
440 2695 490 2758 sui
503 2717 562 2759 nec
576 2696 724 2779 rapacius
739 2716 836 2778 quam
845 2697 970 2757 natura.
994 2692 1097 2769 Quam

95 2784 137 2847 ob
164 2806 232 2848 rem
258 2784 321 2847 hoc
348 2783 490 2866 quidem,
516 2782 620 2847 Fanni
643 2787 676 2847 et
699 2781 865 2865 Scaevola,
893 2784 1031 2864 constet,
1061 2787 1098 2845 ut

82 2870 218 2952 opinor,
235 2869 329 2933 bonis
347 2870 432 2934 inter
450 2871 552 2935 bonos
572 2871 665 2954 quasi
682 2870 895 2939 necessariam
914 2869 1098 2934 benivolen-

94 2956 184 3039 tiam,
207 2956 262 3039 qui
286 2960 336 3021 est
354 2957 515 3023 amicitiae
533 2959 606 3022 fons
625 2981 645 3022 a
662 2962 780 3022 natura
798 2957 1003 3023 constitutus.
1036 2956 1098 3022 Sed

95 3043 206 3107 eadem
228 3044 357 3109 bonitas
381 3047 479 3110 etiam
503 3045 544 3110 ad
567 3047 806 3110 multitudinem
829 3047 978 3131 pertinet.
1022 3046 1098 3111 Non

94 3131 179 3196 enim
194 3135 243 3196 est
254 3132 431 3198 inhumana
444 3133 548 3198 virtus
561 3155 664 3217 neque
677 3134 818 3198 inmunis
832 3155 935 3218 neque
949 3136 1097 3219 superba,

93 3242 175 3304 quae
194 3221 293 3286 etiam
311 3222 448 3306 populos
467 3222 634 3285 universos
652 3222 737 3286 tueri
755 3223 863 3305 eisque
880 3227 1011 3308 optume
1026 3245 1098 3288 con·

93 3308 198 3373 sulere
216 3309 340 3392 soleat,
362 3308 448 3393 quod
465 3330 531 3374 non
552 3309 673 3374 faceret
695 3310 850 3394 profecto,
874 3311 901 3375 si
925 3333 944 3376 a
962 3312 1097 3377 caritate

91 3397 184 3482 vulgi
208 3397 405 3462 abhorreret.
442 3396 550 3480 Atque
574 3397 672 3461 etiam
695 3397 776 3462 mihi
794 3399 922 3483 quidem
941 3400 1097 3483 videntur,
1116 3415 1149 3464 51

92 3485 148 3566 qui
171 3485 351 3550 utilitatum
374 3506 471 3551 causa
488 3485 617 3571 fingunt
636 3485 804 3573 amicitias,
827 3488 1097 3554 amabilissimum
