2476 3848
471 263 510 271 -
555 227 618 290 451
666 202 722 270 -’

88 385 284 449 formident?
320 383 457 467 Omitto,
480 404 560 467 quae
582 383 744 467 perferant
762 401 904 465 quaeque
923 382 1089 464 patiantur

89 472 254 537 ambitiosi
277 472 407 538 honoris
426 494 535 556 causa,
556 471 660 534 laudis
681 469 815 534 studiosi
834 468 956 552 gloriae
974 469 1088 552 gratia,

89 582 197 625 amore
219 561 341 625 incensi
359 560 552 645 cupiditatis.
589 559 688 622 Plena
706 558 774 621 vita
795 556 1013 639 exemplorum
1032 560 1088 620 est.

157 645 218 711 Sed
246 648 398 713 adhibeat
420 649 522 713 oratio
545 646 676 712 modum
699 649 732 709 et
753 644 863 709 redeat
888 644 978 728 illuc,
1006 645 1088 708 unde
1103 681 1136 730 80

92 736 227 799 deflexit.
276 735 388 819 Dabit,
414 737 559 821 inquam,
587 756 619 798 se
647 735 681 800 in
708 735 868 799 tormenta
895 733 962 797 vita
993 732 1089 797 beata

90 845 150 887 nee
168 823 336 907 iustitiam,
354 824 601 908 temperantiam
619 824 653 886 in
670 821 844 905 primisque
860 820 1089 899 fortitudinem,
1137 822 1140 834 ’

92 911 347 996 magnitudinem
375 913 486 995 animi,
511 911 702 994 patientiam
723 911 906 994 prosecuta,
931 931 1003 973 cum
1024 913 1090 973 tor·

90 1000 170 1064 toris
198 1020 234 1063 os
261 1000 389 1083 viderit,
419 1000 573 1064 consistet
594 998 828 1082 virtutibusque
852 997 999 1063 omnibus
1022 996 1090 1062 sine

91 1087 158 1151 ullo
174 1088 272 1151 animi
290 1091 411 1152 terrore
430 1088 470 1151 ad
488 1087 662 1152 cruciatum
680 1085 833 1171 profectis
853 1086 983 1150 resistet
1001 1089 1091 1149 extra

90 1175 190 1259 fores,
212 1178 249 1239 ut
272 1178 345 1239 ante
367 1175 446 1258 dixi,
468 1175 627 1259 limenque
650 1173 795 1239 carceris.
838 1173 922 1250 Quid
945 1175 1030 1239 enim
1053 1183 1090 1237 e'a

90 1262 223 1347 foedius,
241 1261 318 1346 quid
331 1262 504 1327 deformius
519 1263 590 1328 sola
603 1263 724 1343 relicta,
741 1282 763 1325 a
776 1263 932 1327 comitatu
946 1262 1090 1345 pulcher-

90 1351 172 1415 rimo
199 1350 391 1434 segregata?
414 1350 499 1435 quod
521 1354 632 1414 tamen
653 1349 723 1413 fieri
740 1348 829 1413 nullo
852 1352 948 1431 paeto
970 1352 1090 1433 potest3

90 1459 149 1503 nec
176 1439 262 1503 enim
288 1439 424 1502 virtutes
452 1437 520 1501 sine
547 1438 642 1502 beata
669 1437 737 1500 vita
759 1435 928 1500 cohaerere
954 1438 1089 1518 possunt

90 1548 149 1592 nec
171 1527 230 1591 illa
253 1525 321 1591 sine
343 1525 525 1590 virtutibus.
569 1523 681 1609 Itaque
704 1545 775 1587 eam
800 1524 1005 1606 tergiversari
1026 1544 1090 1588 non
1109 1535 1141 1584 81

92 1616 198 1679 sinent
227 1635 394 1698 secumque
424 1614 564 1698 rapient,
594 1612 634 1678 ad
664 1632 891 1695 quemcumque
918 1610 1006 1693 ipsae
1036 1611 1089 1675 do-

91 1705 191 1768 lorem
210 1703 445 1786 cruciatumque
463 1702 625 1765 ducentur.
661 1697 823 1783 Sapientis
845 1702 893 1763 est
912 1699 997 1763 enim
1019 1720 1090 1782 pro·

91 1791 197 1875 prium
223 1790 320 1872 nihil,
346 1790 430 1873 quod
457 1789 619 1874 paenitere
646 1788 763 1872 possit,
789 1787 908 1870 facere,
935 1786 1015 1851 nihil
1044 1787 1091 1850 in-

91 1879 206 1961 vitum,
230 1877 404 1961 splendide,
426 1880 624 1961 constanter,
646 1876 801 1960 graviter,
823 1875 957 1939 honeste
975 1875 1091 1957 omnia,

91 1966 173 2030 nihil
199 1966 247 2030 ita
274 1970 457 2049 exspectare
485 1966 577 2049 quasi
605 1968 691 2029 certo
718 1964 875 2046 futurum,
897 1963 992 2047 nihil,
1019 1984 1091 2028 cum

93 2053 255 2136 acciderit,
279 2054 444 2135 admirari,
467 2057 504 2117 ut
521 2053 724 2136 inopinatum
743 2073 780 2116 ac
798 2073 916 2116 novum
940 2051 1091 2117 accidisse

92 2141 251 2223 videatur,
275 2142 383 2205 omnia
402 2142 442 2206 ad
461 2162 553 2206 suum
573 2141 740 2205 arbitrium
763 2139 894 2223 referre,
918 2139 984 2204 suis
1006 2144 1091 2205 stare

92 2227 225 2291 iudiciis.
268 2226 337 2303 Quo
361 2229 435 2311 quid
458 2230 501 2293 sit
523 2229 662 2312 beatius,
686 2228 766 2292 mihi
789 2231 872 2292 certe
896 2228 930 2292 in
951 2232 1091 2292 mentem

92 2315 199 2379 venire
217 2337 283 2379 non
305 2319 420 2397 potest.
457 2315 636 2381 Stoicorum
657 2316 784 2399 quidem
805 2315 909 2380 facilis
929 2315 1090 2380 conclusio
1109 2328 1143 2377 82

93 2406 154 2485 est3
177 2403 230 2486 qui
253 2424 325 2466 eum
348 2403 445 2466 finem
467 2404 624 2468 bonorum
646 2425 715 2467 esse
739 2404 897 2467 senserint
918 2423 1092 2486 congruere

92 2493 225 2555 naturae
244 2511 377 2574 eumque
397 2513 435 2555 ea
454 2491 678 2555 convenienter
699 2491 820 2575 vivere,
843 2512 914 2554 cum
937 2490 970 2554 id
993 2491 1036 2554 sit
1057 2491 1092 2554 in

93 2578 247 2661 sapientis
282 2579 377 2643 situm
404 2600 470 2644 non
497 2578 602 2644 officio
630 2579 748 2663 solum,
778 2600 888 2642 verum
916 2579 1011 2642 etiam
1036 2601 1091 2661 po·

91 2670 223 2751 testate,
252 2670 403 2751 sequatur
428 2688 558 2732 necesse
585 2671 646 2751 est,
673 2664 842 2745 ut,''cuius
868 2665 903 2730 in
931 2669 1091 2749 potestate

92 2776 251 2819 summum
277 2756 409 2839 bonum,
436 2756 470 2819 in
498 2755 638 2819 eiusdem
665 2755 733 2818 vita
762 2754 859 2818 beata
885 2753 936 2817 sit.
981 2752 1033 2816 Ita
1054 2755 1092 2817 fit

93 2862 219 2925 semper
245 2844 313 2908 vita
340 2844 434 2908 beata
457 2843 618 2925 sapientis.
662 2841 784 2925 Habes,
812 2863 893 2926 quoe
915 2840 1091 2906 fortissime

92 2928 131 2992 de
153 2930 249 2993 beata
271 2932 340 2994 vita
362 2931 424 2995 dici
447 2935 557 3013 putem
580 2934 624 3014 et,
647 2952 710 3014 quo
729 2930 823 2995 modo
842 2950 926 2994 nunc
948 2934 1006 3012 est,
1028 2930 1092 2993 nisi

92 3017 167 3099 quid
189 3022 226 3080 tu
249 3018 363 3082 melius
387 3019 546 3099 attuleris,
569 3019 668 3082 etiam
690 3018 862 3082 verissime.

156 3105 196 3169 Α.
224 3104 503 3189 Meliusequidem
522 3106 646 3170 adferre
666 3106 747 3170 nihil
770 3127 915 3189 possum,
939 3106 994 3171 sed
1017 3129 1037 3172 a
1059 3104 1142 3171 cers

90 3192 289 3276 impetrarim
316 3193 474 3278 lubenter,
502 3199 552 3278 ut,
579 3194 642 3259 nisi
664 3194 835 3258 molestum
859 3195 913 3277 sit,
941 3195 1092 3278 quoniam

90 3285 123 3344 te
154 3281 243 3345 nulla
274 3281 402 3345 vincula
432 3281 611 3366 impediunt
639 3282 735 3346 ullius
768 3286 873 3347 certae
905 3283 1091 3366 disciplinae

90 3369 234 3453 libasque
262 3390 300 3433 ex
327 3370 488 3454 omnibus,
516 3370 735 3454 quodcumque
762 3373 796 3436 te
823 3371 960 3434 maxime
987 3371 1091 3453 specie

89 3458 235 3521 veritatis
275 3461 395 3541 movet,
425 3493 469 3504 -
500 3458 585 3543 quod
615 3458 711 3543 paulo
748 3462 821 3522 ante
856 3457 1089 3542 Peripateticos
1147 3512 1150 3517 .

89 3548 290 3629 veteremque
317 3545 524 3610 Academiam
550 3546 674 3611 hortari
700 3546 864 3630 videbare,
893 3550 931 3610 ut
953 3547 1020 3609 sine
1042 3565 1090 3606 re·

888 3645 946 3700 ab*
