2476 3848
529 172 770 236 -458-

147 334 258 411 ‘Quid
282 332 414 416 aliud',
437 332 541 417 inquit
564 332 769 415 Aristoteles,
792 331 845 396 ‘in
867 332 992 417 bovis,
1013 353 1091 397 non
1114 333 1157 399 in

146 422 250 508 regis
283 421 459 505 sepulcro
492 420 748 486 inscriberes?
802 419 904 485 Haeo
935 419 1076 486 habere
1114 443 1155 486 se

147 514 336 576 mortuum
364 510 472 592 dicit,
499 531 593 595 quae
620 530 664 573 ne
691 507 800 572 vivus
831 508 979 590 quidem
1002 509 1154 576 diutius

97 621 146 671 loa
169 599 338 663 habebat
356 619 465 682 quam
485 594 706 662 fruebatur?
743 594 808 661 Cur
825 596 925 680 igitur
943 597 1074 663 divitiae
1099 599 1155 664 de·

147 688 340 765 siderentur,
368 688 424 751 aut
449 685 508 750 ubi
535 688 710 768 paupertas
732 685 846 749 beatos
870 705 1027 750 essenon
1050 687 1154 752 sinit?

148 774 270 860 Signis,
293 773 401 857 credo,
422 778 451 837 et
471 772 593 837 tabulis
621 772 740 837 studes.
785 769 819 837 Si
842 772 913 857 quis
935 776 999 855 est,
1021 774 1077 857 qni
1099 774 1154 840 his

149 863 332 945 delectetur,
349 882 456 926 nonne
469 860 584 925 melius
603 864 714 926 tenues
727 859 875 925 homines
888 860 1040 925 fruuntur
1054 883 1154 946 quam
1229 902 1233 911 ·

148 951 206 1033 illi,
225 951 279 1035 qui
296 950 336 1013 iis
356 948 542 1014 abundant?
574 948 635 1012 Est
653 948 739 1012 enim
757 969 866 1012 earum
883 969 991 1013 rerum
1008 950 1155 1015 omnium

148 1041 183 1104 in
211 1041 324 1103 nostra
352 1037 430 1101 urhe
459 1057 585 1100 summa
613 1037 647 1100 in
673 1035 802 1119 publico
829 1037 931 1121 copia.
975 1034 1066 1114 Quae
1099 1038 1154 1123 qui

148 1126 301 1210 privatim
322 1125 457 1207 habent,
478 1144 538 1189 nec
559 1127 627 1190 tem
650 1125 754 1188 multa
776 1128 808 1188 et
829 1145 902 1189 raro
924 1125 1047 1208 vident,
1078 1147 1153 1191 curn

148 1214 181 1279 in
201 1235 259 1278 sua
275 1235 351 1277 rura
368 1216 538 1297 venerunt3
558 1235 636 1297 quos
655 1216 765 1277 tamen
781 1213 899 1296 pungit
917 1213 1047 1297 aliquid,
1070 1236 1154 1297 cum,

149 1302 206 1366 illa
224 1301 307 1366 unde
324 1301 479 1384 habeant,
497 1301 711 1366 recordantur.
747 1298 823 1364 Dies
843 1301 984 1385 deficiat,
1006 1301 1036 1366 si
1053 1301 1153 1367 velim

148 1391 349 1475 paupertatis
378 1411 508 1455 causam
535 1388 710 1454 defendere.
754 1389 877 1472 Aperta
905 1389 990 1453 enim
1017 1410 1070 1455 res
1095 1396 1154 1474 est,

150 1483 184 1544 et
201 1479 317 1544 cotidie
334 1500 394 1543 nos
412 1479 484 1562 ipsa
496 1480 612 1542 natura
626 1477 786 1561 admonet,
804 1499 901 1562 quam
913 1477 1036 1560 paucis,
1054 1499 1153 1562 qnam

97 1635 140 1698 36
150 1568 259 1649 parvis
282 1566 377 1667 rebus
401 1569 507 1665 egeat,
530 1587 626 1666 quam
648 1564 774 1629 vilibus.
848 1652 879 1666 ..
1090 1654 1097 1667 .

216 1653 302 1718 Num
333 1658 433 1739 1g1tur
464 1653 651 1737 1gnob1htes
684 1657 740 1716 ant
765 1652 932 1717 humilitas
963 1655 1019 1717 aut
1052 1656 1153 1718 etiam

99 1711 316 1892 ¹⁰3pvopula1is
340 1741 472 1891 opiensio
496 1741 673 1891 sapqiepqqqq
700 1740 830 1891 ppatqun
854 1762 932 1894 esset
945 1740 1153 1893 prohibebit?

151 1850 321 2001 cipiditiii,
338 1850 655 2001 pgllclricionidiilenetiae
687 1849 933 1998 habeatgiqlinain
966 1850 1154 2000 ffipffi

150 2003 319 2068 Leviculus
348 2025 424 2066 sane
451 2006 560 2067 noster
586 2001 833 2084 Demosthenes,
862 2004 917 2086 qui
939 2004 996 2068 illo
1020 2025 1153 2070 suanno

151 2091 303 2156 delectari
336 2111 369 2152 se
401 2089 528 2154 dicebat
555 2112 671 2173 aquam
705 2089 837 2153 ferentis
865 2091 1086 2177 mulierculae,
1117 2096 1155 2158 ut

151 2201 221 2242 mos
244 2178 278 2242 in
297 2175 432 2241 Graecia
455 2181 517 2261 est,
539 2178 833 2262 insusurrantisque
852 2178 959 2244 alteri:
982 2178 1070 2245 ‘Hic
1094 2187 1155 2247 est

151 2265 219 2330 ille
241 2264 540 2331 Demosthenes?
586 2264 668 2341 Quid
691 2266 752 2331 hoc
774 2266 900 2331 levius?
944 2266 990 2331 At
1012 2272 1154 2352 quantus

152 2354 272 2419 orator!
317 2350 379 2418 sed
402 2354 485 2436 apud
508 2352 589 2418 alios
612 2354 701 2439 loqui
723 2353 872 2419 videlicet
895 2354 1061 2439 didicerat,
1088 2378 1154 2422 non

99 2464 151 2514 104
172 2443 309 2507 multum
340 2442 409 2525 ipse
442 2464 557 2507 secum.
606 2441 860 2528 Intellegendum
887 2446 937 2506 est
964 2443 1064 2528 igitur
1094 2466 1155 2509 nec

152 2531 287 2617 gloriam
318 2531 504 2614 popularem
536 2531 640 2614 ipsam
666 2552 723 2613 per
751 2551 821 2594 sese
853 2531 1063 2613 expetendam
1093 2553 1155 2597 nec

149 2619 390 2704 ignobilitatem
413 2617 688 2683 extimescendam.
733 2616 845 2682 ‘Veni
872 2616 1075 2703 Athenas’,
1105 2621 1155 2685 in·

151 2707 221 2792 quit
237 2704 452 2789 Democritus,
475 2705 608 2790 ‘neque
632 2727 686 2769 me
710 2705 909 2790 quisquam
932 2706 987 2770 ibi
1010 2707 1154 2793 adgno-

151 2793 228 2859 vit’
274 2793 483 2860 Constantem
504 2793 668 2859 hominem
691 2796 724 2857 et
747 2814 889 2878 gravem,
917 2795 971 2878 qui
994 2796 1156 2880 glorietur

152 2882 304 3035 titt?
320 2903 378 3034 :t
393 2881 1155 3037 ltltnt'utlltttttatttlt?

152 3080 268 3141 rosque
289 3020 519 3140 'mode'rantun
549 3057 599 3122 vir
631 3058 773 3141 sapiens,
798 3058 900 3123 multo
930 3061 999 3123 arte
1030 3059 1157 3126 maiore

153 3144 329 3228 praeditus,
360 3167 425 3209 non
457 3145 533 3228 quid
564 3145 766 3211 verissimum
798 3146 853 3228 sit,
885 3146 941 3209 sed
972 3145 1049 3230 qnid
1076 3149 1158 3214 velit

153 3232 281 3316 vulgus,
305 3233 468 3316 exquiret?
512 3232 566 3297 An
591 3235 760 3319 quicquam
784 3234 913 3298 stultius
935 3255 1046 3319 qnam,
1073 3256 1157 3319 quos

155 3319 299 3404 singulos
328 3320 412 3384 sicut
439 3322 603 3404 operarios
630 3322 846 3406 barbarosque
869 3324 1071 3406 contemnes,
1099 3345 1157 3390 eos

153 3407 273 3492 aliquid
294 3410 408 3491 putare
421 3429 500 3473 esse
523 3409 711 3475 universos?
756 3407 816 3473 Ille
837 3431 911 3474 vero
933 3412 1063 3475 nostras
1088 3434 1160 3478 am·

67 3536 105 3632 Ι
153 3498 292 3563 bitiones
328 3496 538 3580 levitatesque
578 3500 762 3563 contemnet
803 3497 1000 3582 honoresque
1039 3502 1160 3584 populi
