2476 3848
472 191 712 255 -461-

89 355 150 414 tus.
195 348 322 432 Loquor
352 350 436 413 enim
465 349 504 413 de
533 349 628 414 docto
654 349 784 414 homine
814 353 847 414 et
874 348 1009 433 erudito,
1039 352 1090 415 cui
1195 383 1196 386 ¹

90 439 198 502 vivere
224 441 278 501 ‘est
306 438 460 522 cogitare.
505 435 668 520 Sapientis
700 437 807 502 autem
839 438 993 522 cogitatio
1024 459 1090 502 non

89 528 190 591 ferme
227 526 267 590 ad
303 525 561 610 investigandum
598 525 729 590 adhibet
764 525 873 591 oculos
910 526 1091 590 advocatos.

89 614 220 678 Etenim
248 613 276 677 si
303 635 368 679 nox
393 635 459 678 non
486 612 598 676 adimit
624 612 724 677 vitam
750 613 892 697 beatam,
919 636 974 680 cur
1001 614 1068 678 dies
1093 626 1142 674 112

91 703 179 768 nocti
201 702 319 766 similis
342 700 485 766 adimat?
520 700 606 765 Nam
628 702 708 765 illud
731 701 898 785 Antipatri
923 700 1091 786 Cyrenaici

92 793 141 854 est
162 791 198 854 id
218 790 346 872 quidem
368 790 465 872 paulo
488 789 669 872 obscenius,
697 790 752 854 sed
774 813 839 856 non
861 791 1000 856 absurda
1021 811 1090 854 sen·

91 879 195 942 tentia
222 881 283 962 est,
312 877 402 942 cuius
432 878 619 942 caecitatem
646 899 719 942 oum
739 879 947 943 >mulierculae
973 880 1092 942 lamen·

90 969 248 1049 tarentur,
280 964 394 1041 ‘Quid
426 964 583 1050 agitis‘l'
614 965 731 1049 inquit,
758 965 820 1031 ‘an
847 967 956 1032 vobis
985 966 1092 1030 nulla

91 1054 246 1118 videtur
272 1054 452 1136 voluptas
481 1075 562 1117 esse
589 1053 817 1119 nocturna?'
862 1055 1003 1138 Appium
1026 1054 1092 1138 qui-

91 1142 164 1205 dem
185 1143 325 1205 veterem
348 1141 454 1224 illum,
481 1141 536 1224 qui
559 1162 670 1205 caecus
693 1165 795 1208 annos
817 1144 935 1208 multos
951 1143 1035 1226 fuit,
1061 1145 1093 1206 et

92 1251 130 1292 ex
161 1229 405 1313 magistratibus
434 1232 467 1292 et
493 1250 531 1292 ex
558 1230 653 1293 rebus
681 1231 781 1314 gestis
811 1232 1030 1316 intellegimus
1059 1231 1093 1295 in

91 1318 148 1382 illo
172 1339 230 1382 suo
254 1339 330 1381 casu
343 1339 411 1401 'nec
428 1317 555 1400 privato
572 1338 632 1381 nec
654 1318 784 1400 publico
803 1320 927 1383 muneri
945 1319 1092 1383 defuisse.

92 1404 126 1469 O.
148 1405 246 1469 Drusi
269 1405 399 1468 domum
422 1404 576 1487 compleri
593 1426 614 1468 a
634 1406 869 1470 consultoribus
889 1406 1019 1470 solitam
1042 1426 1092 1469 ac·

93 1493 248 1576 cepimus,
276 1515 362 1575 cum,
388 1514 523 1576 quorum
550 1515 601 1556 res
628 1496 725 1575 esset,
753 1515 811 1557 sua
834 1494 898 1576 ipsi
919 1515 985 1557 non
1006 1492 1092 1556 vide·

92 1581 184 1663 bant,
216 1602 345 1644 caecum
377 1580 572 1644 adhibebant
600 1579 723 1646 ducem.
775 1581 887 1645 Pueris
914 1580 1008 1646 nobis
1036 1579 1092 1646 On.

92 1668 239 1731 Aufidius
268 1668 448 1750 praetorius
477 1671 510 1732 et
539 1669 573 1732 in
601 1671 714 1732 senatu
744 1669 936 1733 senteutiam
965 1668 1094 1733 dicebat

91 1778 149 1820 nec
171 1756 281 1819 amicis
305 1756 556 1820 deliberantibus
580 1756 689 1820 deerat
707 1759 740 1820 et
757 1754 912 1822 Graecam
931 1757 1094 1821 scribebat

91 1844 260 1908 historiam
284 1847 317 1907 et
338 1844 468 1908 videbat
489 1845 524 1909 in
546 1844 673 1907 litteris.

157 1932 315 1996 Diodotus
347 1930 474 1998 Stoicus
510 1954 622 1997 caecus
654 1933 773 1997 multos
805 1955 905 1999 annos
941 1937 1070 1998 nostrae
1094 1900 1145 2026 ἐξ

93 2020 179 2084 domi
209 2020 298 2083 vixit.
348 2019 382 2084 Is
409 2043 499 2104 vero,
527 2021 613 2105 quod
637 2021 789 2085 credibile
816 2021 868 2085 vix
897 2025 993 2105 esset,
1018 2043 1093 2086 cum

92 2108 128 2172 in
145 2107 352 2190 philosophia
370 2109 472 2173 multo
492 2111 590 2173 etiam
607 2109 711 2192 magis
731 2109 861 2174 adsidue
880 2131 976 2193 quam
999 2114 1094 2174 antea

92 2197 272 2259 versaretur
295 2198 327 2258 et
350 2217 422 2259 cum
445 2196 561 2260 fidibus
579 2195 855 2280 Pythagoreorum
878 2220 966 2263 more
988 2202 1094 2262 utere-

92 2286 159 2364 tur,
182 2303 316 2363 cumque
338 2283 367 2344 ei
389 2282 464 2346 libri
484 2287 595 2347 noctes
613 2287 646 2346 et
668 2285 735 2348 dies
758 2286 953 2368 legerentur,
977 2286 1092 2369 quibus

93 2371 127 2433 in
153 2368 266 2433 studiis
295 2369 395 2434 oculis
422 2392 487 2434 non
514 2370 641 2454 egebat,
668 2374 750 2454 tum,
783 2373 867 2455 quod
897 2373 966 2436 sine
994 2373 1093 2437 oculis

93 2458 162 2521 fieri
190 2478 285 2540 posse
313 2458 367 2521 vix
398 2457 536 2540 videtur,
567 2459 761 2542 geometriae
793 2481 910 2522 munus
941 2459 1094 2522 tuebatur
1144 2527 1146 2533 ,

93 2545 199 2610 verbis
235 2544 433 2628 praecipiens
469 2545 678 2629 discentibus,
714 2545 797 2609 unde
833 2568 896 2629 quo
935 2567 1093 2629 quamque

93 2634 211 2698 lineam
231 2634 414 2698 scriberent.
449 2634 672 2717 Asclepiadem
689 2633 809 2716 ferunt,
831 2655 897 2697 non
916 2633 1093 2717 ignobilem

93 2722 274 2786 Eretricum
297 2721 540 2805 philosophum,
567 2743 638 2785 cum
661 2720 788 2804 quidam
810 2724 990 2805 quaereret,
1017 2720 1093 2804 quid

94 2809 123 2871 ei
146 2809 284 2873 caecitas
308 2810 481 2887 attulisset,
503 2808 720 2893 respondisse,
742 2829 841 2892 puero
863 2811 901 2872 ut
922 2829 986 2872 uno
1009 2812 1094 2872 esset

94 2896 285 2960 comitatior.
321 2896 368 2961 Ut
390 2898 475 2961 enim
496 2898 548 2960 vel
571 2918 696 2960 summa
717 2899 889 2979 paupertas
912 2895 1093 2960 tolerabilis

94 2984 150 3064 sit,
182 2983 209 3046 si
240 2983 347 3065 liceat,
387 2985 471 3068 quod
501 2983 690 3068 quibusdam
722 2982 853 3048 Graecis
885 2983 1014 3068 cotidie,
1046 2984 1093 3049 sic

94 3071 230 3134 caecitas
252 3071 330 3134 ferri
348 3071 444 3136 facile
464 3074 580 3156 possit,
603 3072 713 3137 sinon
731 3071 835 3135 desint
852 3071 996 3136 subsidia
1011 3073 1093 3136 vale·

93 3158 248 3222 tudinum.
283 3158 487 3225 Democritus
509 3160 685 3225 luminibus
708 3159 834 3223 amissis
853 3160 926 3223 alba
949 3159 1072 3224 scilicet
1095 3170 1145 3217 114

94 3247 271 3311 discernere
299 3251 331 3311 et
359 3252 431 3312 atra
459 3270 524 3312 non
550 3251 690 3331 poterat,
718 3250 854 3312 atvero
882 3248 969 3312 bona
997 3248 1091 3330 mala,

93 3358 194 3420 aequa
221 3335 343 3419 iniqua,
375 3336 512 3400 honesta
534 3336 658 3419 turpia,
684 3335 779 3400 utilia
804 3335 944 3420 inutilia,
975 3356 1092 3419 magna

92 3446 193 3506 parva
211 3427 350 3508 poterat,
373 3428 407 3488 et
425 3425 492 3488 sine
515 3425 670 3488 varietate
690 3424 831 3488 colorum
850 3423 970 3488 licebat
987 3424 1091 3487 virere

91 3512 198 3596 beate,
221 3512 295 3577 sine
310 3512 442 3577 notione
461 3532 568 3576 rerum
585 3533 653 3577 non
675 3511 802 3577 licebat.
838 3510 946 3595 Atque
968 3511 1020 3575 hio
1042 3512 1092 3575 vir
