2476 3848
547 158 825 223 -512--

165 339 199 402 pu
221 319 321 400 doben.
359 323 433 394 Quis
452 322 532 382 enim
549 325 614 382 tam
632 322 771 382 inimicus
793 339 889 398 paene
912 317 1026 379 nomini
1044 319 1185 378 Romano

165 415 224 491 est,
252 413 306 490 qui
332 412 429 471 Ennei
461 412 596 472 Medeam
624 414 679 471 aut
705 410 871 487 Antiopam
904 407 1031 469 Pacuvii
1058 410 1188 483 spernat

166 504 221 560 aut
247 500 367 578 reiciat,
399 500 481 577 quod
513 518 544 560 se
567 500 675 560 iisdem
706 498 862 576 Euripidis
894 496 1007 556 fabulis
1036 495 1188 555 delectari

165 590 260 663 dicat,
287 589 412 649 Latinas
439 588 559 648 litteras
587 588 705 649 oderit?
752 585 945 665 Synephebos
973 604 1043 663 ego,
1072 584 1188 663 inquit,

165 678 268 754 potius
301 675 424 737 Caecilii
455 679 509 736 aut
541 677 689 736 Andriam
721 676 856 735 Terentii
892 693 984 752 quam
1019 676 1188 750 utramque

165 766 321 825 Menandri
348 764 468 844 legam?
513 765 542 824 A
569 765 679 843 quibus
706 767 828 824 tantum
850 762 1009 839 dissentio,
1036 765 1085 839 ut,
1114 781 1189 821 cum

167 855 330 932 Sophocles
348 855 398 915 vel
415 854 528 931 optime
548 854 701 930 scripserit
718 854 880 930 Electram,
898 854 1001 911 tamen
1018 851 1098 909 male
1113 869 1188 910 con-

165 961 284 1005 versam
302 942 392 1002 Atilii
409 943 484 1002 mihi
497 944 657 1020 legendam
675 946 789 1020 putem,
808 942 844 999 de
863 960 922 1016 quo
940 940 1076 999 Licinus:
1096 933 1189 998 ‘Fer-

166 1052 252 1092 reum
280 1026 486 1107 scriptorem't
514 1050 632 1109 verum,
660 1032 780 1110 opinor,
808 1029 986 1106 scriptorem
1007 1031 1124 1106 tamen,
1148 1032 1190 1088 ut

168 1121 314 1197 legendus
338 1120 387 1179 sit.
423 1121 541 1179 liudem
564 1120 644 1180 enim
668 1139 732 1180 esse
752 1119 872 1179 omnino
896 1118 928 1176 in
950 1117 1062 1177 nostris
1085 1117 1189 1193 poetis

168 1211 223 1267 aut
249 1208 449 1267 inertissimae
477 1209 624 1287 segnitiae
657 1212 704 1268 est
735 1211 790 1267 aut
818 1206 936 1266 fastidii
966 1206 1187 1268 delicatissimi.

166 1296 257 1357 Mihi
280 1297 423 1373 quidem
446 1298 541 1357 nulli
564 1297 657 1357 satis
681 1296 818 1357 eruditi
840 1296 1027 1372 videntur,
1052 1293 1187 1372 quibus

166 1388 294 1445 nostra
312 1385 440 1464 ignota
458 1388 551 1446 sunt.
585 1384 666 1449 item
680 1384 730 1447 ber
744 1382 843 1463 tiator
857 1380 954 1446 iteras
968 1380 1054 1461 tritta
1073 1379 1116 1460 it,
1135 1380 1188 1445 δεε

166 1469 237 1548 mot
261 1478 292 1535 εε
315 1471 442 1553 liticen,
465 1484 549 1538 menn
572 1470 638 1551 aad
661 1472 707 1536 δὶε
724 1469 855 1552 admittis
872 1470 1041 1552 arceretur,
1063 1469 1118 1535 crit
1136 1470 1189 1535 ber

168 1557 347 1640 gricttitcten
379 1561 568 1640 metteitercb,
600 1560 648 1642 tid)
681 1561 752 1625 δδεε
783 1559 869 1639 ades,
899 1566 964 1636 rcus
992 1557 1040 1623 eia
1068 1557 1186 1636 rideres

167 1646 358 1729 ειεεὶεδῐίεδεε
387 1649 530 1729 &ntuetr
556 1648 762 1729 transporta
789 1649 867 1728 δατῙ,
898 1645 1065 1712 cusbreitct.
1109 1644 1186 1726 port

168 1735 241 1801 tiber
260 1736 305 1800 bie
323 1736 423 1820 dircite
442 1740 510 1803 εδεε
523 1738 595 1817 {1th
613 1737 713 1802 tieem
738 1736 995 1818 bieiltilctcptie.
1033 1733 1128 1807 ‘Quae
1148 1738 1187 1797 de

168 1827 244 1887 bene
263 1828 412 1908 beateque
434 1831 563 1891 vivendo
582 1849 600 1889 a
617 1829 745 1890 Platone
768 1831 926 1907 disputata
945 1830 1026 1906 sunt,
1041 1827 1117 1887 haec
1136 1845 1188 1887 ex·

167 1917 275 1993 plicari
307 1938 367 1978 non
397 1918 531 1996 placebit
561 1913 707 1979 Latine?'
754 1917 847 1981 {dean
878 1912 1010 1993 tdmildte
1038 1909 1189 1992 &titillet

168 2002 239 2067 dher
261 2002 479 2087 ptilctcptitctc
498 2004 640 2085 themata
663 2021 725 2069 aaa
747 2005 879 2070 δεδεηδδ
901 2001 949 2082 titt
970 2000 1079 2082 einiger
1097 2000 1187 2066 Θεῐδε

168 2089 332 2170 ftdcbioteit
358 2091 390 2156 ia
422 2093 472 2156 δεε
503 2092 686 2173 tortosano
714 2094 772 2157 aab
801 2092 994 2171 licurtetlano
1027 2091 1077 2155 δεε
1108 2091 1188 2155 aar:

169 2176 310 2257 gestamen
322 2180 445 2260 rttmen
458 2179 576 2261 flacce,
590 2181 644 2246 tote
658 2182 702 2247 δίε
716 2181 848 2263 teintqea,
863 2181 891 2261 tc
905 2179 956 2261 tat
969 2177 1188 2258 catharticae

169 2266 228 2331 teta
252 2265 338 2349 ttcdt
360 2267 396 2347 tie
419 2286 453 2349 aa
475 2268 646 2349 iqacciercc.
693 2267 815 2352 ‘Quid
839 2275 869 2333 si
892 2290 957 2333 nos
980 2290 1049 2331 non
1072 2271 1187 2331 inter·

168 2361 313 2434 pretum
331 2361 531 2439 ⁴fungimur
561 2381 720 2433 munere,
749 2362 811 2422 sed
838 2365 984 2422 tuemur
1010 2378 1065 2437 ea,
1094 2377 1186 2436 quae

170 2448 372 2509 dictasunt
391 2450 432 2510 ab
456 2451 515 2528 iis,
535 2469 623 2527 quos
641 2451 846 2528 probamus,
872 2450 996 2526 eisque
1020 2450 1188 2509 nostrum

170 2535 344 2597 iudicium
368 2542 404 2600 et
426 2543 590 2599 nostrum
613 2540 798 2599 scribendi
826 2539 986 2598 ordinem
1015 2535 1188 2613 adiungi·

169 2623 256 2684 mus?
302 2625 382 2696 Quid
403 2628 529 2706 habent,
553 2647 607 2688 cur
629 2628 745 2688 Graeca
768 2629 953 2704 anteponant
975 2625 1027 2703 iis,
1054 2644 1133 2702 quae
1157 2628 1190 2684 et

171 2713 325 2789 splendide
362 2717 444 2776 dicta
476 2717 537 2777 sint
568 2736 665 2794 neque
698 2717 760 2776 sint
796 2734 939 2776 conversa
971 2716 1008 2776 de
1042 2713 1187 2775 Graecis?

170 2797 289 2877 ῧτείῐίεδ
313 2799 379 2879 aad
406 2803 498 2884 illoto
526 2804 585 2867 aab
613 2801 783 2881 ilriltctetes
812 2799 916 2882 eiciat)
944 2800 1130 2881 δδεεὶεεεδδ,
1158 2797 1188 2877 ic

170 2884 225 2951 δδίε
244 2888 288 2951 δίε
301 2888 453 2969 εδηιίἱεδεη
466 2891 581 2970 ltidter
600 2889 756 2972 ςείεεδὶἱεδε
770 2888 937 2970 Zrcgttien
956 2889 1014 2955 εδδ
1028 2886 1190 2953 ttcmtticc

170 2974 303 3058 stertat
320 2977 419 3060 teter,
440 2982 538 3045 rottbe
556 2979 615 3061 teia
633 2978 791 3061 llerbienit,
809 2979 873 3059 ttqt
895 2995 926 3041 εε
948 2977 1042 3058 δίειμι,
1062 2975 1123 3040 teia
1142 2993 1188 3055 aa:

100 3116 105 3126 .
171 3061 271 3142 tinget
294 3067 360 3146 tric.
407 3072 496 3148 Male,
519 3072 616 3149 credo,
639 3090 770 3131 mererer
793 3071 829 3131 de
851 3070 927 3130 meis
951 3068 1076 3145 civibus,
1100 3067 1126 3127 si
1149 3068 1189 3128 ad

171 3171 276 3214 eorum
299 3160 503 3236 cognitionem
526 3161 628 3221 divina
650 3160 705 3219 illa
732 3159 855 3237 ingenia
881 3158 1086 3218 transferrem.
1129 3155 1189 3217 Sed

171 3240 203 3298 id
231 3261 328 3321 neque
358 3248 417 3308 feci
444 3249 542 3308 adhuc
569 3267 624 3308 nec
647 3248 722 3309 mihi
743 3251 859 3325 tamen,
882 3266 919 3307 ne
940 3246 1067 3322 faciam,
1094 3244 1188 3306 inter·

172 3329 287 3392 dictum
308 3338 392 3411 puto.
430 3334 479 3398 (tc
502 3334 588 3399 ttctet
608 3353 641 3399 cr
659 3335 735 3399 tero
757 3335 831 3414 itta
853 3333 927 3413 teins
948 3329 1190 3413 ptilctcctiictec

251 3416 256 3432 '
285 3437 319 3484 ec
341 3421 394 3486 bea
422 3423 525 3503 liciter
551 3423 643 3503 ῐεὶειετ
666 3423 732 3500 sseit
753 3440 801 3488 ar.
847 3421 976 3502 δδεδεδεδ
997 3419 1080 3499 §teter
1108 3418 1190 3497 ῙεΙΙδε

175 3531 195 3632 p
261 3507 310 3572 δεε
332 3508 468 3592 Ῑδεεδδεδ,
491 3512 553 3593 δεε,
575 3520 641 3577 rcus
663 3529 695 3577 er
717 3509 902 3594 adductae,
925 3510 988 3575 δεδι
1011 3508 1131 3574 statae
1154 3526 1192 3590 aa
