2476 3848
474 181 714 246 -195-

89 357 233 419 morsus,
264 335 421 421 impetus3
453 336 533 402 haec
565 358 659 422 ergo,
690 341 728 402 ut
760 337 839 422 dixi,
870 338 1003 404 rariora.
1049 337 1095 402 At
1113 354 1149 406 20

89 445 166 488 vero
198 424 349 488 interitus
377 424 587 507 exercituum,
618 428 655 488 ut
681 426 827 510 proxime
853 425 966 509 trium,
1000 447 1095 511 saepe

89 512 280 595 multorum,
312 511 420 577 clades
446 511 693 596 imperatorum,
724 516 761 576 ut
787 534 890 598 nuper
917 514 1035 578 summi
1062 516 1096 577 et

90 599 265 684 singularis
293 599 369 682 riri,
395 599 536 664 invidiae
562 604 730 684 praeterea
757 600 974 664 multitudinis
998 606 1095 684 atque

90 687 131 750 ob
150 707 204 751 eas
223 687 304 751 bene
323 686 513 751 meritorum
531 707 627 771 saepe
645 687 763 752 civium
781 688 994 773 expulsiones,
1012 687 1095 754 cala-

89 774 233 857 mitates,
255 774 367 859 fugae,
389 795 564 857 rursusque
587 775 743 840 secundae
765 797 831 859 111,
858 777 1011 859 honores,
1036 776 1095 840 im-

89 862 192 946 peria,
215 862 382 945 victoriae,
406 883 602 945 quamquam
623 862 761 928 fortuita
783 868 871 947 sunt,
893 868 1002 928 tamen
1025 863 1094 927 sine

89 949 257 1013 hominum
285 951 400 1034 opibus
429 953 461 1014 et
488 949 604 1013 studiis
630 953 779 1015 neutram
804 951 839 1015 in
860 955 988 1036 partem
1011 950 1095 1016 effici

90 1041 235 1119 possunt.
279 1037 351 1103 Hoc
377 1037 480 1122 igitur
507 1037 638 1122 cognito
665 1037 833 1103 dicendum
860 1046 922 1122 est,
954 1060 1095 1122 quonam

92 1124 187 1188 modo
214 1124 381 1189 hominum
408 1125 515 1189 studia
542 1125 584 1190 ad
610 1125 769 1190 utilitates
801 1129 931 1192 nostras
964 1125 1094 1190 allicere

92 1215 189 1294 atque
208 1212 347 1276 excitare
364 1212 535 1296 possimus.
571 1210 659 1286 Quae
678 1213 706 1276 si
719 1214 847 1298 longior
864 1213 962 1278 fuerit
980 1214 1095 1296 oratio,

91 1321 164 1364 cum
191 1299 412 1384 magnitudine
439 1299 594 1364 utilitatis
626 1304 842 1384 comparetur3
873 1301 922 1366 ita
952 1301 1094 1366 fortasse

92 1387 191 1450 etiam
214 1386 343 1452 brevior
366 1387 536 1452 videbitur.

158 1473 381 1558 Quaecumque
407 1475 509 1560 igitur
539 1474 686 1539 homines
717 1475 841 1539 homini
872 1475 1021 1540 tribuunt
1053 1475 1095 1539 ad
1112 1491 1146 1539 21

91 1585 164 1627 eum
186 1564 369 1648 augendum
391 1568 488 1647 atque
510 1562 756 1646 honestandum,
778 1567 835 1627 aut
856 1562 1094 1627 benivolentiae

92 1650 198 1735 gratia
214 1650 348 1734 faciunt,
365 1672 438 1715 cum
456 1651 566 1735 aliqua
583 1651 622 1715 de
635 1671 733 1715 causa
746 1650 931 1735 quempiam
945 1649 1095 1734 diligunt,

91 1742 147 1802 aut
173 1738 320 1821 honoris,
352 1738 381 1802 si
409 1739 498 1804 cuius
524 1739 680 1804 virtutem
712 1738 904 1823 suspiciunt,
935 1759 1094 1821 quemque

91 1825 224 1911 dignum
236 1825 370 1890 fortuna
383 1848 480 1909 quam
494 1827 696 1911 amplissima
713 1830 840 1911 putant,
858 1830 915 1890 aut
929 1825 980 1890 cui
997 1825 1093 1889 fidem

90 1913 213 1977 habent
234 1916 267 1977 et
290 1913 371 1977 bene
393 1914 489 1977 rebus
512 1914 579 1979 suis
601 1915 768 1980 consulere
795 1914 1009 1996 arbitrantur,
1037 1915 1094 1977 aut

91 2001 179 2065 ouius
204 2021 281 2084 opes
304 2002 465 2084 metuunt,
488 2006 545 2066 aut
567 2005 694 2085 contra,
717 2024 737 2066 1
760 2002 875 2086 quibus
899 2000 1021 2084 aliquid
1042 2021 1094 2064 ex·

91 2091 248 2171 spectant,
265 2092 303 2152 ut
320 2109 393 2153 cum
406 2109 500 2174 reges
513 2089 727 2174 popularesve
740 2089 887 2154 homines
901 2088 1094 2174 largitiones

91 2175 217 2259 aliquas
243 2179 443 2260 proponunt,
474 2180 530 2241 aut
559 2180 723 2261 postremo
750 2178 856 2262 pretio
885 2198 922 2242 ac
948 2175 1093 2241 mercede

90 2263 262 2346 ducuntur,
289 2285 371 2347 quae
399 2263 621 2329 sordidissima
647 2270 697 2329 est
719 2265 778 2329 illa
801 2265 929 2348 quidem
952 2264 1037 2328 ratio
1060 2266 1094 2326 11
1165 2315 1168 2327 .

90 2351 352 2434 inquinatissima
374 2355 408 2415 11
429 2351 479 2435 iis,
502 2352 559 2435 qui
581 2373 620 2416 11
641 2355 801 2435 tenentur,
824 2356 857 2416 et
878 2352 955 2434 illis,
978 2351 1034 2435 qui
1053 2349 1094 2415 ad

92 2460 164 2503 eam
182 2438 354 2523 confugere
372 2442 542 2522 conantur3
560 2438 645 2502 male
660 2439 744 2502 enim
764 2460 797 2503 11
815 2461 867 2503 111
884 2439 993 2521 habet,
1012 2460 1094 2520 cum,
1112 2451 1146 2500 22

92 2525 177 2609 quod
199 2527 320 2591 virtute
343 2525 426 2591 effici
450 2526 558 2610 debet,
585 2526 619 2590 id
641 2527 822 2609 temptatur
843 2525 987 2610 pecunia
1032 2523 1095 2588 Sed

68 2614 244 2697 ,quoniam
274 2635 342 2679 non
371 2635 548 2697 numquam
579 2613 641 2678 hoc
672 2612 852 2676 subsidium
877 2611 1095 2676 necessarium

91 2704 154 2784 est,
186 2723 282 2785 quern
313 2701 355 2767 ad
386 2702 517 2766 modurn
544 2700 588 2766 sit
615 2700 769 2765 utendum
797 2720 849 2782 1ο,
881 2698 1035 2779 dicemus,
1067 2697 1095 2761 si

90 2789 180 2873 prius
202 2789 244 2854 iis
268 2789 438 2872 derebus,
462 2811 543 2873 quae
565 2788 681 2854 virtuti
703 2787 870 2873 propiores
894 2788 983 2869 sunt,
1011 2784 1093 2849 dixe

91 2877 202 2941 rimus,
247 2875 356 2961 Atque
388 2877 487 2941 etiam
519 2876 682 2942 subiciunt
712 2898 747 2940 se
778 2874 925 2939 homines
957 2872 1094 2957 imperio

91 2964 225 3029 alterius
257 2968 290 3029 et
321 2964 480 3049 potestati
511 2964 550 3029 de
582 2964 687 3030 causis
718 2962 875 3047 pluribus.
923 2960 1094 3026 Ducuntur

90 3052 177 3117 enim
204 3056 261 3117 aut
287 3051 508 3117 benivolentia
534 3054 591 3116 aut
617 3049 846 3114 beneficiorum
872 3048 1094 3134 magnitudine

90 3144 147 3206 aut
166 3140 335 3226 dignitatis
354 3140 555 3225 praestantia
573 3142 630 3203 aut
648 3159 706 3222 spe
725 3137 787 3202 sibi
804 3137 838 3200 id
856 3136 936 3202 utile
949 3136 1095 3200 futurum

90 3232 147 3294 aut
170 3232 273 3311 metu,
295 3249 336 3292 111
358 3227 392 3292 vi
414 3248 527 3312 parere
550 3229 722 3312 cogantur,
749 3229 806 3290 aut
830 3245 886 3309 spe
909 3223 1094 3309 largitionis

89 3316 323 3401 promissisque
345 3315 433 3400 capti
456 3317 512 3379 aut
534 3317 714 3398 postremo,
742 3317 781 3378 ut
807 3334 904 3397 saepe
925 3311 960 3376 in
981 3316 1095 3376 nostra
1114 3367 1132 3428 7

89 3404 270 3488 republica
286 3402 442 3486 ridemus,
460 3402 604 3466 mercede
622 3401 779 3466 conducti.
816 3398 967 3466 Omnium
987 3403 1095 3464 autem
1113 3443 1147 3492 ,3

88 3511 197 3556 rerum
222 3511 282 3556 nec
309 3490 417 3574 aptius
444 3491 495 3553 est
512 3488 692 3573 ,quiequam
719 3488 761 3553 ad
787 3508 864 3574 opes
891 3487 1028 3554 tuendas
1057 3506 1096 3548 ae

891 3595 948 3643 11*
