2476 3848
539 124 776 223 ..454ss

224 319 328 396 Quid?
346 321 374 384 is
392 319 454 383 tibi
468 324 643 383 mortemne
657 320 783 383 videtur
797 324 853 384 aut
866 319 1008 384 dolorem
1020 321 1164 388 timere?

158 410 213 493 qui
236 430 308 473 eum
330 409 427 489 diem,
457 428 519 491 quo
543 408 692 485 moritur,
720 408 850 471 beatum
879 408 1020 491 appellat
1048 431 1163 476 maxu-

159 498 282 581 misque
296 496 460 561 doloribus
476 495 618 559 adfectus
633 517 688 559 eos
707 496 795 578 ipsos
808 495 1010 561 inventorum
1025 518 1162 563 suorum

158 584 312 649 memoria
340 587 372 648 et
398 583 618 648 recordatione
647 583 792 647 confutat
822 604 880 647 nec
905 583 986 649 haec
1012 585 1060 650 sic
1082 587 1163 670 αφ,

158 677 194 737 ut
213 694 251 736 ex
267 675 412 755 ternpore
431 671 522 754 quasi
542 670 666 734 effutire
685 670 851 734 videatur?
882 669 931 735 De
949 676 1052 736 morte
1071 675 1162 738 enim

157 762 205 825 ita
232 761 345 842 sentit,
373 768 410 822 ut
437 759 592 823 dissoluto
625 759 788 824 animante
820 780 949 823 sensum
981 761 1162 827 extinctum

157 852 262 933 putet,
290 847 373 932 quod
401 850 509 910 autem
536 868 631 909 sensu
654 849 774 926 careat,
800 845 881 909 nihil
910 847 951 910 ad
972 869 1031 912 nos
1055 849 1090 912 id
1114 851 1162 914 iu-

159 937 245 1001 dicet
266 935 433 1019 pertinere.
475 932 556 997 Item
578 935 614 998 de
636 933 743 998 dolore
765 937 852 998 certa
873 933 983 1014 habet,
1006 957 1088 1019 quae
1113 960 1162 1003 se·

158 1029 287 1108 quatur,
312 1024 398 1086 cuius
417 1020 671 1105 magnitudinem
693 1021 853 1085 brevitate
876 1024 1069 1106 consolatur,
1092 1024 1162 1090 lon·

106 1134 139 1182 oe
159 1112 372 1196 ginquitatem
403 1109 542 1173 levitate.
601 1108 663 1185 Qui
698 1109 827 1172 tandem
862 1110 919 1173 isti
955 1111 1162 1198 grandiloqui

159 1204 272 1263 contra
301 1197 381 1261 haec
412 1197 487 1279 duo,
520 1219 600 1281 quae
631 1197 768 1260 maxime
802 1202 936 1281 angunt,
973 1199 1087 1265 melius
1127 1223 1161 1266 se

72 1298 76 1305 '
159 1286 280 1351 habent
302 1307 397 1369 quarn
419 1285 597 1368 Epicurus?
621 1306 662 1348 an
686 1284 726 1348 ad
747 1287 864 1362 cetera,
888 1307 968 1368 quae
991 1287 1079 1351 mala
1103 1311 1162 1372 pu·

159 1377 281 1458 tantur,
311 1395 376 1438 non
408 1378 440 1437 et
470 1373 628 1456 Epicurus
661 1375 693 1436 et
722 1372 835 1455 reliqui
866 1372 1052 1457 philosophi
1079 1379 1162 1442 satis

158 1463 265 1546 parati
292 1461 461 1526 videntur?
511 1459 590 1536 Quis
616 1482 683 1524 non
708 1464 931 1542 paupertatem
958 1461 1162 1529 extimescit?

158 1572 261 1635 neque
283 1554 392 1614 tamen
415 1551 582 1634 quisquam
605 1547 877 1631 philosophorum.

107 1636 149 1699 32
226 1638 288 1702 Hic
314 1660 390 1704 uero
417 1638 486 1720 ipse
509 1658 604 1721 quam
633 1657 733 1720 parvo
757 1640 806 1700 est
828 1639 1009 1702 contentus!
1054 1636 1162 1704 Nemo

160 1726 197 1791 de
216 1726 307 1791 tenui
324 1728 411 1790 victu
433 1726 527 1807 plura
544 1723 633 1788 dixit.
668 1723 812 1805 Etenim,
836 1745 984 1808 quaeres
1005 1727 1162 1807 pecuniae

159 1814 367 1897 cupiditatem
387 1814 546 1894 adferunt,
569 1816 606 1875 ut
629 1811 744 1891 amori,
767 1815 802 1874 ut
820 1812 1002 1894 ambitioni,
1024 1815 1062 1876 ut
1080 1816 1163 1879 coti·

160 1902 262 1965 dianis
294 1901 473 1983 sumptibus
506 1899 617 1981 copiae
649 1902 837 1981 suppetant,
869 1921 940 1963 cum
971 1901 1084 1982 procul
1118 1903 1161 1967 ab

158 1990 211 2053 his
240 1989 387 2052 omnibus
420 1988 514 2051 rebus
547 1987 644 2067 absit,
676 2006 732 2049 cur
763 1988 929 2068 pecuniam
962 2008 1161 2071 magnopere

107 2099 141 2146 oo
160 2075 319 2139 desideret
345 2075 396 2138 vel
422 2075 529 2156 potius
558 2095 612 2136 cur
635 2078 724 2137 curet
751 2075 903 2139 omuino?
947 2076 1000 2138 An
1022 2073 1161 2159 Scythes

159 2161 355 2227 Anacharsis
373 2162 479 2246 potuit
496 2183 553 2244 pro
572 2160 675 2225 nihilo
698 2163 865 2244 pecuniam
884 2163 1010 2245 ducere,
1031 2167 1162 2229 nostra·

158 2255 208 2314 tes
240 2249 426 2332 philosophi
452 2250 557 2314 facere
584 2271 649 2314 non
675 2251 847 2332 poterunt?
895 2250 987 2315 Illius
1021 2251 1163 2333 epistula

159 2337 262 2402 fertur
283 2338 334 2401 his
357 2339 476 2402 verbis:
509 2337 759 2402 ‘Anacharsis
782 2336 960 2404 Hannoni
987 2339 1161 2404 salutem.

159 2425 254 2490 Mihi
286 2426 444 2490 amictui
476 2430 534 2489 est
560 2423 780 2507 Scythicum
806 2427 987 2509 tegimen,
1017 2427 1161 2492 calcia-

159 2517 324 2579 mentum
355 2515 520 2579 solorum
548 2513 700 2595 callum,
729 2514 856 2577 cubile
883 2518 997 2596 terra,
1024 2515 1161 2599 pulpa-

159 2606 325 2667 mentum
365 2602 497 2683 fames,
537 2603 651 2682 lacte,
692 2623 816 2684 caseo,
861 2623 972 2665 carne
1017 2622 1161 2668 vescor.

161 2688 283 2765 Quare
306 2694 347 2753 ut
371 2690 414 2753 ad
437 2690 605 2773 quietum
628 2710 683 2752 me
705 2689 798 2752 licet
820 2690 960 2753 venias.
1003 2687 1162 2755 Munera

161 2781 285 2841 autem
312 2778 402 2857 ista,
435 2777 571 2859 quibus
599 2798 637 2840 es
665 2776 891 2858 delectatus,
923 2778 982 2841 vel
1010 2778 1161 2843 civibus

159 2868 238 2929 tuis
275 2867 335 2929 vel
371 2865 427 2929 dis
464 2864 744 2931 immortalibus
776 2864 892 2930 dona?
942 2864 1060 2930 Omnes
1091 2864 1161 2931 fere

159 2953 343 3037 philosophi
372 2953 514 3018 omnium
546 2953 798 3035 disciplinarum,
828 2953 892 3017 nisi
919 2975 998 3037 quos
1026 2975 1045 3017 a
1071 2958 1162 3019 recta

160 3042 284 3106 ratione
311 3045 427 3105 natura
452 3040 569 3106 vitiosa
596 3040 796 3122 detorsisset,
823 3040 933 3105 eodem
958 3040 1021 3105 hoc
1049 3042 1162 3108 animo

108 3149 139 3197 91
161 3150 230 3191 esse
252 3133 434 3211 potuerunt.
483 3127 642 3211 Socrates,
668 3129 702 3191 in
728 3150 848 3211 pompa
869 3151 941 3194 cum
969 3149 1087 3214 magna
1108 3130 1162 3195 vis

159 3217 229 3279 auri
261 3218 447 3301 argentique
476 3217 625 3299 ferretur,
656 3213 787 3290 ‘Quam
813 3218 934 3281 multa
955 3238 1031 3280 non
1058 3216 1162 3282 desi·

159 3303 276 3367 derol'
299 3305 410 3387 inquit,
454 3303 664 3385 Xenocrates,
694 3325 765 3367 cum
788 3304 888 3388 legati
911 3304 951 3369 ab
974 3305 1161 3378 Alexandro

158 3392 392 3476 quinquaginta
414 3392 444 3455 ei
465 3393 587 3456 talenta
608 3391 805 3475 attulissent,
828 3413 909 3476 quae
929 3397 999 3456 erat
1020 3394 1161 3476 pecunia

92 3452 357 3631 *emporibus
376 3480 455 3563 illis,
473 3479 608 3543 Athenis
626 3479 825 3564 praesertim,
847 3501 1004 3563 maxuma,
1023 3480 1162 3548 abduxit
