2476 3848
548 182 778 246 -404-

222 448 392 526 diatritum
415 448 473 511 unt
497 447 682 526 acacianae
704 447 810 511 {tuate
833 447 882 510 tet
904 444 1139 526 sseiteuidroiteu.

223 621 352 685 Dolorie
376 621 471 685 huius
489 621 592 705 igitur
615 621 707 704 origo
730 621 823 685 nobis
843 620 1032 704 explicanda
1052 623 1113 704 est,
1136 620 1171 684 id

156 713 207 773 est
234 730 331 774 causa
361 708 504 773 efficiens
536 708 769 792 aegritudinem
797 710 831 772 in
859 708 967 772 animo
999 712 1171 792 tamquam

156 797 412 880 aegrotationem
427 798 460 860 in
475 817 618 879 corpore.
658 795 742 861 Nam
758 799 794 860 ut
812 796 929 862 medioi
943 817 1041 861 eausa
1059 795 1170 861 morbi

160 885 292 948 inventa
306 884 506 949 curationem
521 907 591 949 esse
610 885 774 948 inventam
790 887 916 967 putant,
934 883 980 948 sio
994 905 1054 948 nos
1069 900 1171 948 eausa

105 972 525 1125 11⁸eglildl¹¹llii⁸liili
539 972 1159 1125 tritt{fflltttttpttmti

103 1126 137 1175 ²⁴²
156 1146 278 1211 tudinis
302 1081 420 1231 sdlum,
448 1148 504 1211 sed
534 1148 633 1211 etiam
656 1082 1021 1232 reliqlrarum'omnium
1044 1079 1170 1230 perdur-

156 1236 334 1314 bationum,
360 1257 440 1319 quae
465 1239 540 1299 sunt
558 1257 676 1319 genere
694 1238 858 1319 quattuor,
880 1235 1029 1319 partibus
1047 1236 1171 1318 plures.

156 1320 242 1386 Nam
265 1345 337 1387 oum
362 1324 466 1387 omnis
495 1324 697 1407 perturbatio
721 1324 764 1387 sit
787 1323 886 1388 animi
913 1326 1020 1388 motus
1043 1323 1095 1388 vel
1119 1346 1172 1389 ra·

156 1411 255 1476 tionis
279 1433 390 1496 expers
413 1411 464 1476 vel
488 1412 646 1476 rationem
675 1433 852 1495 aspernans
879 1411 933 1477 vel
959 1411 1079 1475 rationi
1102 1433 1170 1477 non

157 1500 345 1582 oboediens,
377 1499 467 1584 isque
499 1503 607 1564 motus
636 1504 692 1563 aut
719 1500 796 1564 boni
824 1503 881 1564 aut
908 1499 986 1563 mali
1016 1500 1171 1583 opinione

157 1588 274 1651 citetur
304 1587 470 1670 bifariam,
503 1591 657 1673 quattuor
692 1587 952 1672 perturbationes
989 1588 1171 1672 aequaliter

158 1674 351 1740 distributae
379 1678 463 1740 sunt.
508 1675 593 1739 Nam
622 1675 704 1738 duae
733 1678 807 1738 sunt
834 1695 873 1738 ex
900 1674 1052 1757 opinione
1079 1675 1170 1759 boni,

157 1785 293 1846 quarum
327 1763 441 1844 altera,
474 1762 656 1844 voluptas
685 1762 873 1845 gestiens,
899 1761 932 1824 id
961 1766 1011 1825 est
1038 1767 1170 1846 praeter

157 1852 287 1916 modum
311 1850 397 1914 elata
420 1848 561 1930 laetitia,
590 1849 740 1930 opinione
768 1849 950 1932 praesentis
974 1851 1085 1936 magni
1110 1852 1169 1915 ali·

158 1940 247 2005 ouius
270 1937 357 2015 boni,
381 1937 493 2019 altera,
516 1956 597 2018 quae
621 1939 671 1999 est
693 1936 896 2002 inmoderata
918 1938 1074 2022 adpetitio
1100 1941 1168 2024 opi-

155 2027 225 2091 nati
248 2023 359 2107 magni
382 2023 459 2086 boni
482 2022 603 2085 rationi
625 2044 692 2086 non
715 2024 957 2109 obtemperans,
985 2026 1038 2091 vel
1061 2029 1169 2113 eupi-

103 2114 259 2179 reditas
282 2113 368 2172 reete
391 2109 441 2173 vel
470 2107 596 2172 libido
624 2110 686 2174 diei
714 2116 831 2194 potest.
876 2111 967 2199 Ergo
994 2114 1073 2180 haee
1101 2116 1168 2181 duo

155 2218 284 2281 genera,
308 2195 458 2277 voluptas
480 2196 621 2278 gestiens
641 2201 673 2261 et
695 2197 807 2283 libido,
829 2201 988 2265 bonorum
1012 2203 1168 2286 opinione

154 2284 342 2361 turbantur,
369 2285 406 2344 ut
432 2281 495 2346 duo
524 2283 657 2368 reliqua,
691 2291 797 2351 metus
826 2292 859 2352 et
886 2289 1067 2372 aegritud0,
1095 2313 1165 2356 ma-

154 2374 267 2435 lorum.
313 2368 398 2433 Nam
422 2374 455 2433 et
477 2374 599 2436 metus
624 2374 732 2456 opinio
756 2377 868 2460 magni
890 2377 968 2441 mali
990 2378 1167 2459 inpenden-

154 2458 198 2521 tis
221 2461 254 2519 et
282 2457 484 2540 aegritudo
513 2464 562 2524 est
589 2460 699 2543 opinio
728 2465 837 2548 magni
865 2465 943 2528 mali
970 2467 1167 2550 praesentis,

155 2547 188 2607 et
211 2543 338 2627 quidem
367 2566 478 2609 reeens
502 2548 610 2630 opinio
638 2550 715 2613 talis
743 2551 839 2635 mali,
861 2556 898 2615 ut
920 2553 954 2616 in
978 2573 1016 2616 eo
1039 2556 1166 2620 rectum

153 2632 299 2697 videatur
327 2655 396 2697 esse
425 2634 515 2718 angi,
542 2635 574 2698 id
603 2640 711 2701 autem
739 2642 804 2717 est,
831 2643 868 2702 ut
894 2640 936 2722 is,
964 2639 1019 2723 qui
1046 2640 1168 2726 doleat,

153 2725 303 2803 oportere
322 2722 471 2806 opinetur
494 2743 528 2786 se
552 2723 668 2789 dolere.
704 2725 764 2789 His
783 2730 888 2790 autem
910 2727 1166 2811 perturbationi·

152 2808 229 2892 bus,
252 2830 332 2891 quas
356 2810 389 2872 in
411 2809 512 2874 vitam
535 2810 702 2875 hominum
727 2813 867 2878 stultitia
890 2816 981 2897 quasi
1005 2816 1166 2900 quasdam

152 2895 253 2958 furias
281 2896 418 2960 inmittit
445 2900 541 2980 atque
571 2898 700 2982 incitat,
733 2901 881 2966 omnibus
910 2902 1034 2967 viribus
1062 2910 1166 2990 atque

153 2982 268 3062 opibus
287 2984 530 3067 repugnandum
554 2991 612 3070 est,
635 2987 663 3051 si
682 2989 830 3053 volumus
849 2989 919 3073 boe,
943 2991 1028 3075 quod
1047 2991 1165 3060 datum

152 3071 202 3129 est
224 3070 319 3151 vitae,
341 3071 515 3153 tranquille
534 3074 720 3158 placideque
743 3077 919 3142 traducere.
965 3077 1027 3142 Sed
1052 3084 1165 3147 cetera

152 3154 245 3238 alias,
277 3177 360 3220 nuno
392 3159 640 3244 aegritudinem,
672 3164 699 3226 si
731 3185 917 3249 possumus,
949 3166 1164 3250 depellamus.

150 3236 187 3339 Id
204 3241 296 3339 ‘enim
320 3244 363 3306 sit
384 3247 599 3329 propositum,
622 3250 880 3335 quandoquidem
903 3275 974 3317 eam
997 3259 1033 3318 tu
1057 3256 1166 3323 videri

178 3327 213 3391 br
234 3349 269 3390 1n
289 3331 466 3413 sapientem
491 3335 602 3399 eadere
621 3336 741 3419 dixisti,
766 3340 852 3422 quod
871 3362 931 3427 ego
950 3342 1042 3406 nullo
1063 3345 1165 3413 modo

185 3412 200 3487 ‚⁰
218 3414 308 3497 tim03
324 3420 431 3483 taetra
446 3421 531 3485 enim
550 3444 602 3486 res
618 3428 678 3506 est,
698 3427 825 3511 misera,
840 3428 1051 3512 detestabilis,
1070 3435 1164 3498 omni

88 3511 158 3627 lt
208 3502 366 3588 tentione,
389 3507 484 3591 velis,
507 3513 544 3573 ut
566 3510 613 3574 ita
637 3511 754 3598 diuam,
777 3515 938 3599 remisque
960 3516 1125 3602 fugienda.
