2476 3848
475 199 514 210 -
561 163 627 229 555
675 111 731 210 -’

90 325 187 406 51555
210 322 330 405 praeda
347 343 443 406 posse
466 343 521 387 eos
548 323 689 388 colendis
715 323 802 407 agris
826 323 991 389 abundare
1014 345 1102 388 com·
1197 402 1199 404 q

90 410 195 476 modis
229 411 377 475 omnibus
406 432 610 495 amoremque
638 412 685 476 eis
716 411 774 476 otii
798 416 831 476 et
859 411 949 496 pacis
980 411 1101 496 iniecit,

90 499 210 584 quibus
227 498 382 564 facillime
401 500 528 564 iustitia
546 502 580 564 et
597 500 676 564 fides
695 500 900 585 convalescit,
917 503 951 564 et
965 522 1100 585 quorum

32 623 37 632 ·
89 587 272 672 patrocinio
300 588 440 653 maxime
468 589 573 653 cultus
601 608 753 673 agrorum
778 589 1006 673 perceptioque
1035 588 1100 653 fru-

90 697 167 761 gum
182 675 375 741 defenditur.
398 675 551 759 Idemque
565 675 745 760 Pompilius
760 680 792 741 et
806 677 958 761 auspiciis
973 677 1101 743 maiori·

89 765 151 829 bus
174 764 315 830 15555115
339 765 380 829 51
402 764 578 849 pristinum
605 787 774 830 numerum
797 765 860 830 duo
884 786 1022 850 augures
1046 765 1101 829 ad-

90 853 173 917 didit
196 857 230 918 et
253 853 353 918 sacris
375 875 391 916 5
409 853 592 937 principum
615 874 750 920 numero
768 853 936 938 pontifices
961 854 1100 939 quinque

89 941 246 1025 praefecit
278 945 311 1005 ct
337 941 465 1007 animos
492 941 669 1026 propositis
701 943 828 1028 legibus
858 943 925 1027 his,
957 963 1037 1026 quas
1066 943 1101 1006 in

90 1031 309 1095 monumentis
328 1030 495 1114 habemus,
513 1031 655 1095 ardentis
675 1031 905 1096 consuetudine
928 1034 961 1095 et
979 1031 1101 1115 cupidi·
1163 1092 1165 1096 .

89 1121 158 1182 tate
176 1118 319 1182 bellandi
337 1119 530 1204 religionum
545 1119 748 1184 caerimoniis
764 1120 927 1204 mitigavit
942 1119 1103 1184 adiunxit

89 1228 152 1290 555
180 1210 348 1289 praeterea
379 1206 543 1290 flamines,
576 1204 681 1272 Salios
714 1208 921 1293 virginesque
953 1207 1102 1273 Vestales

91 1295 259 1378 omnisque
282 1296 385 1379 partis
408 1295 576 1380 religionis
600 1295 718 1360 statuit
741 1297 954 1361 sanctissime.
988 1295 1101 1360 Sacro·
1120 1311 1154 1360 55

90 1405 161 1448 rum
186 1387 295 1448 autem
318 1384 464 1468 ipsorum
484 1383 689 1469 diligentiam
712 1383 885 1468 difficilem,
908 1387 1100 1467 apparatum

91 1471 277 1556 perfacilem
301 1493 371 1537 esse
390 1472 505 1555 voluit3
527 1494 604 1536 nam
622 1493 705 1556 quae
726 1470 938 1558 perdiscenda
957 1493 1101 1557 quaeque

90 1560 292 1625 observanda
320 1564 440 1645 essent,
467 1561 571 1626 multa
598 1561 779 1645 constituit,
808 1561 862 1626 sed
891 1582 929 1625 ea
956 1561 1026 1625 sine
1055 1563 1100 1624 15-

90 1668 200 1733 pensa.
246 1647 299 1714 sic
320 1649 534 1734 religionibus
554 1649 695 1714 colendis
714 1670 847 1732 operam
866 1648 996 1733 addidit,
1018 1670 1102 1713 sum·
1202 1689 1207 1693 »

90 1741 161 1800 tum
184 1736 332 1821 removit,
354 1738 502 1822 idemque
521 1742 692 1823 mercatus,
714 1736 808 1802 ludos
830 1758 1003 1821 omnesque
1027 1758 1101 1801 con·

89 1824 242 1890 veniundi
266 1847 379 1891 555555
403 1830 436 1890 51
459 1826 662 1891 celebritates
686 1827 819 1892 invenit
860 1824 983 1901 Quibus
1005 1824 1102 1890 rebus

88 1913 250 1979 institutis
271 1915 311 1980 ad
331 1915 570 1980 humanitatem
593 1918 689 2000 atque
711 1914 989 1980 mansuetudinem
1012 1935 1102 1979 revo-

90 2002 176 2067 cavit
199 2003 325 2068 animos
352 2003 522 2070 hominum
549 2005 666 2069 studiis
693 2003 836 2069 bellandi
863 2004 928 2068 iam
950 2002 1102 2067 immanis

91 2112 128 2155 ac
146 2090 241 2156 feros.
289 2091 341 2156 Sic
364 2092 420 2156 ille
444 2115 517 2157 cum
535 2093 836 2178 undequadraginta
854 2113 957 2158 annos
978 2112 1104 2156 summa

91 2179 126 2242 15
148 2201 228 2264 pace
252 2180 486 2263 concordiaque
509 2183 713 2265 regnavisset
731 2180 919 2265 (sequamur
942 2181 1030 2246 enim
1047 2202 1105 2265 po·

90 2267 254 2332 tissimum
279 2267 452 2351 Polybium
475 2272 633 2351 nostrum,
657 2288 720 2351 quo
743 2290 838 2333 nemo
862 2269 926 2333 fuit
943 2270 978 2333 in
997 2268 1104 2352 exqui-

90 2355 200 2420 rendis
223 2356 423 2439 temporibus
450 2353 663 2441 diligentior),
687 2356 824 2420 excessit
848 2377 865 2419 e
887 2357 956 2421 5115
980 2356 1104 2420 duabus

90 2443 359 2527 praeclarissimis
392 2444 433 2508 ad
465 2444 710 2508 diuturnitatem
742 2444 788 2506 551
828 2443 975 2526 publicae
1007 2443 1103 2507 rebus

58 2588 62 2599 .
90 2533 300 2612 confirmatis,
322 2532 480 2618 religione
504 2536 600 2616 atque
624 2531 804 2596 clementia,
1115 2547 1157 2612 15

159 2620 247 2696 Quae
270 2643 344 2686 eum
368 2619 474 2705 Scipio
498 2621 640 2704 dixisset,
658 2619 793 2704 Verene,
815 2619 922 2703 inquit
940 2617 1103 2700 Manilius,
1122 2651 1156 2700 23

91 2708 153 2773 hoc
180 2709 355 2775 memoriae
381 2710 546 2793 proditum
574 2712 637 2791 551,
666 2707 831 2792 Africane,
863 2729 973 2792 regem
1002 2707 1103 2771 istum

89 2793 232 2861 Numam
259 2796 467 2882 Pythagorae
493 2797 597 2881 ipsius
627 2796 820 2880 discipulum
849 2800 905 2861 aut
932 2798 1016 2860 certe
1040 2794 1103 2880 Py-

89 2882 283 2967 thagoreum
324 2885 447 2952 fuisse?
490 2908 585 2969 saepe
627 2885 711 2950 enim
748 2886 811 2950 hoc
852 2885 890 2949 de
926 2883 1103 2948 maioribus

89 2975 170 3035 5515
193 2972 376 3038 audivimus
401 2979 435 3040 51
461 2976 509 3040 115
535 2974 756 3060 intellegimus
784 2972 883 3057 vulgo
912 2972 1103 3055 existimari,

89 3081 192 3143 neque
216 3082 292 3125 vero
320 3063 402 3127 satis
430 3064 463 3128 id
492 3062 657 3128 annalium
679 3063 883 3146 publicorum
911 3060 1104 3126 auctoritate

91 3148 292 3214 declaratum
315 3149 469 3216 videmus.
515 3151 598 3216 Tum
622 3150 744 3235 Scipio:
774 3150 907 3215 Falsum
935 3153 986 3215 est
1009 3150 1105 3232 enim,

90 3236 219 3322 Manili,
247 3238 366 3322 155511,
397 3240 431 3304 id
463 3243 583 3324 totum,
614 3261 718 3323 neque
751 3240 858 3305 solum
891 3239 1016 3321 fictum,
1049 3238 1105 3302 sed

92 3326 190 3391 etiam
212 3327 363 3411 imperite
391 3328 591 3412 absurdeque
614 3328 739 3413 fietum3
769 3349 807 3392 ea
835 3332 911 3393 5551
939 3326 1023 3390 enim
1052 3326 1104 3389 de-

90 3437 180 3480 mum
202 3438 268 3481 non
291 3415 423 3482 ferenda
445 3416 480 3480 in
501 3415 682 3500 mendacio,
704 3438 787 3500 5555
810 3438 877 3482 555
901 3414 1005 3480 solum
1028 3415 1105 3478 ficta

91 3524 175 3591 esse,
208 3505 263 3570 sed
290 3527 331 3570 ne
362 3506 434 3571 fieri
465 3505 594 3590 quidem
625 3505 770 3588 potuisse
803 3503 972 3570 cernimus.
1017 3501 1105 3568 Nam
