2476 3848
481 186 720 251 -431-

96 356 166 416 tute
190 351 247 435 sit,
269 351 352 416 nihil
375 373 445 417 esse
467 348 532 413 nisi
554 347 708 413 virtutem
731 345 860 410 bonum.
899 341 960 409 Sed
983 342 1101 409 Brutus

97 444 173 504 tuus
196 443 325 505 auctore
343 439 456 505 Aristo
480 441 514 503 et
531 434 693 500 Antiocho
711 454 777 498 non
796 432 895 497 sentit
911 432 986 516 hoc;
1009 436 1102 516 putat

98 529 198 611 enim,
221 528 349 595 etiamsi
372 529 415 594 sit
437 529 558 593 bonum
582 522 711 608 aliquod
733 525 868 606 praeter,
880 521 1042 584 virtutem.

163 621 209 682 M.
241 617 325 694 Quid
356 616 477 704 igitur?
510 618 622 681 contra
652 611 832 676 Brutumne
862 631 912 673 me
942 609 1100 674 dicturum

96 705 214 788 putas?
277 771 279 774 Α

162 793 203 856 Α.
233 793 282 858 Tu
308 815 397 879 vero,
424 798 461 860 ut
488 793 627 875 ridetur3
656 810 732 854 nam
760 786 929 871 praefinire
957 807 1022 851 non
1051 789 1100 850 est

96 902 211 944 meum.
682 911 685 916 ·

162 975 207 1033 M.
230 970 314 1046 Quid
333 971 447 1056 cuique
465 971 565 1056 igitur
583 969 834 1034 consentaneum
854 964 911 1046 sit,
934 964 997 1027 alio
1017 964 1096 1027 loco
1117 977 1149 1027 aa

96 1055 182 1121 Nam
204 1058 270 1123 ista
293 1059 373 1124 mihi
396 1064 429 1124 et
451 1081 522 1123 cum
540 1057 703 1123 Antiocho
723 1074 819 1137 saepe
842 1055 874 1115 et
896 1073 968 1117 cum
985 1050 1098 1117 Aristo

95 1166 211 1228 nuper,
238 1167 310 1211 oum
332 1146 469 1213 Athenis
497 1149 672 1231 imperator
699 1142 783 1228 apud
807 1162 879 1205 eum
907 1140 1097 1242 deversarer,

97 1232 254 1300 dissensio
284 1234 355 1303 fuit.
408 1236 492 1301 Mihi
523 1235 606 1300 enim
638 1255 702 1298 non
729 1230 899 1296 videbatur
928 1251 1098 1313 qumquam

97 1340 167 1385 esse
185 1321 299 1388 beatus
317 1347 426 1408 posse,
449 1347 521 1390 cum
539 1324 574 1389 in
592 1322 685 1386 malis
704 1323 801 1402 esset,
824 1320 858 1382 in
876 1317 970 1381 malis
989 1321 1097 1382 autem

98 1409 276 1491 sapientem
299 1433 370 1477 esse
392 1434 500 1496 posse,
524 1412 552 1476 si
574 1414 681 1476 essent
701 1410 768 1474 ulla
791 1406 1012 1507 corporisoaut
1034 1405 1097 1506 ior·

95 1499 192 1561 tunae
224 1501 320 1565 mala.
373 1499 571 1566 Dicebantur
601 1499 693 1582 haec,
724 1519 805 1582 quae
838 1495 967 1577 scrips1t
999 1498 1096 1558 eham

95 1582 276 1651 Antiochus
316 1589 396 1652 locis
432 1588 595 1672 pluribus,
629 1587 783 1650 virtutem
824 1585 929 1668 ipsam
964 1603 1022 1666 per
1062 1604 1096 1647 se

95 1671 223 1738 beatam
241 1675 344 1740 vitam
362 1676 486 1740 efficere
505 1696 599 1759 posse
615 1696 718 1759 neque
735 1678 844 1738 tamen
861 1671 1095 1756 beatissimam,

94 1759 205 1825 deinde
225 1783 263 1826 ex
282 1763 402 1828 maiore
420 1767 512 1846 parte
532 1763 700 1847 plerasque
713 1784 765 1827 res
778 1761 948 1843 nominari,
966 1759 1095 1824 etiamsi

94 1869 173 1931 quae
200 1871 274 1932 pars
302 1852 442 1928 abesset,
468 1854 505 1914 ut
531 1851 630 1936 vires,
663 1854 700 1915 ut
725 1851 955 1934 valetudinem,
984 1851 1021 1912 ut
1050 1847 1094 1912 di-

93 1936 202 2019 vitias,
234 1941 271 2002 ut
302 1937 470 2021 honorem,
500 1942 537 2002 ut
568 1939 720 2023 gloriam,
755 1960 835 2023 quae
867 1958 994 2022 genere,
1030 1957 1094 2000 non

92 2045 224 2088 numero
253 2030 470 2108 cernerentur,
498 2027 577 2090 item
605 2027 733 2091 beatam
761 2028 874 2109 vitam,
902 2026 1030 2090 etiamsi
1056 2047 1094 2089 ex

94 2112 202 2195 aliqua
224 2117 316 2194 parte
340 2113 516 2194 clauderet,
539 2117 649 2178 tamen
672 2136 710 2178 ex
733 2116 836 2179 multo
859 2114 980 2179 maiore
1003 2118 1094 2198 parte

93 2198 238 2263 obtinere
261 2221 379 2265 nomen
402 2223 503 2265 suum.
553 2200 641 2268 Haec
663 2223 748 2268 nunc
770 2203 935 2268 enucleare
957 2224 1023 2268 non
1047 2204 1094 2268 ita
1112 2217 1145 2266 aa

92 2308 221 2351 necesse
245 2289 306 2368 est,
333 2308 527 2371 quamquam
550 2310 617 2353 non
638 2292 898 2355 constantissime
927 2290 990 2355 dici
1012 2292 1094 2355 mibi

92 2373 248 2439 videntur.
284 2374 369 2439 Nam
388 2378 434 2457 et,
456 2375 510 2458 qui
528 2376 641 2440 beatus
662 2380 724 2455 est,
746 2400 811 2443 non
833 2379 998 2463 intellego,
1016 2380 1093 2463 quid

91 2463 247 2546 requirat,
274 2466 310 2526 ut
337 2461 380 2526 sit
407 2462 532 2526 beatior
559 2460 602 2548 (si
629 2466 678 2528 est
700 2467 798 2548 enim,
828 2467 912 2550 qnod
935 2466 1031 2550 desit,
1052 2488 1092 2531 ne

92 2549 207 2615 beatus
235 2550 363 2634 quidem
391 2548 466 2635 est),
493 2553 538 2635 et,
565 2550 650 2635 quod
673 2573 711 2616 ex
733 2555 854 2618 maiore
880 2557 972 2638 parte
994 2577 1092 2619 unam

91 2659 249 2720 quamque
267 2660 335 2701 rem
359 2638 515 2721 appellari
539 2639 738 2724 spectarique
762 2640 886 2724 dicunt,
910 2645 958 2706 est
980 2644 1036 2707 ubi
1059 2644 1092 2707 id

90 2725 154 2788 isto
177 2724 272 2789 modo
295 2726 416 2808 valeat5
440 2747 511 2791 oum
529 2747 604 2790 vero
624 2729 687 2792 tria
710 2749 828 2813 genera
846 2731 1003 2795 malorum
1022 2753 1091 2795 esse

92 2811 214 2894 dicant,
238 2814 292 2896 qui
315 2812 450 2877 duorum
474 2833 626 2895 generum
644 2817 740 2880 malis
759 2818 907 2882 omnibus
930 2821 1092 2904 urgeatur,

91 2901 128 2960 ut
146 2900 254 2962 omnia
272 2899 408 2964 advorsa
426 2902 492 2965 sint
513 2902 547 2965 in
569 2902 712 2987 fortuna,
735 2906 883 2970 omnibus
902 2927 1091 2990 oppressum

91 3006 206 3068 corpus
217 2989 250 3049 et
259 2986 437 3051 confectum
447 2988 620 3073 doloribus,
633 2991 708 3057 huic
722 2994 893 3075 paulumne
908 2994 948 3058 ad
962 2995 1091 3060 beatam

89 3073 189 3137 vitam
213 3073 323 3137 deesse
346 3075 499 3158 dicemus,
522 3097 588 3140 non
611 3079 706 3144 modo
730 3082 770 3144 ad
792 3082 1034 3148 beatissimam?

155 3160 226 3226 Hoc
252 3160 334 3224 illud
362 3165 423 3244 est,
452 3161 535 3245 quod
562 3163 804 3249 Theophrastus
837 3171 993 3236 sustinere
1025 3194 1090 3238 non

89 3251 203 3332 potuit.
247 3248 427 3314 Nemeum
453 3251 619 3316 statuisset
646 3255 791 3339 verbera,
818 3261 992 3342 tormenta,
1020 3283 1089 3325 cru-

90 3338 205 3423 ciatus,
232 3339 355 3422 patriae
382 3337 575 3418 eversiones,
609 3341 717 3423 exilia,
750 3345 906 3412 orbitates
937 3369 1090 3432 magnam

89 3427 154 3491 vim
187 3427 306 3492 habere
337 3426 378 3491 ad
409 3426 493 3490 male
525 3427 701 3510 misereque
733 3433 915 3512 vivendum,
946 3458 1011 3500 non
1041 3310 1150 3634 est(

1109 3223 1142 3270 24

90 3535 185 3579 ausus
209 3517 292 3581 elate
315 3518 347 3579 et
364 3516 470 3599 ample
491 3515 593 3599 loqui,
617 3537 689 3581 oum
707 3518 872 3587 humiliter
889 3523 1089 3606 demisseque
