2476 3848
109 1440 130 1565 ⁶0

97 2433 129 2484 11

67 3400 142 3628 1

529 197 572 210 -
619 161 684 227 536
728 197 772 207 .-

149 323 320 407 audienda,
347 345 420 389 oum
442 323 490 387 ita
513 322 635 405 dicunt,
663 321 811 386 accedere
834 320 875 384 ad
896 341 965 384 1111
987 319 1154 404 publicam

149 413 338 497 plemmque
360 411 507 475 homines
529 410 621 473 nulla
638 430 673 473 re
691 410 778 473 bona
796 407 920 493 dignos,
943 429 1015 472 cum
1033 407 1154 492 quibus

148 527 175 578 p.
191 502 238 580 ss]
262 498 443 582 comparari
466 497 639 580 sordidum,
662 495 834 581 confligere
854 496 859 579 Ι
880 498 988 559 autem
1006 495 1155 560 multitu·

150 587 222 650 dine
249 586 440 671 praesertim
467 584 602 649 incitata
628 583 782 647 miserum
805 586 838 646 et
859 583 1076 667 periculosum
1099 583 1154 648 sit.

66 755 70 760 Π
149 673 253 750 Quam
267 674 308 738 ob
322 695 391 737 rem
402 693 505 756 neque
516 672 670 755 sapientis
684 691 755 734 esse
764 670 907 754 accipere
916 670 1069 754 habenas,
1077 691 1154 735 cum

148 762 280 825 insanos
308 764 404 843 atque
432 759 607 824 indomitos
633 759 774 843 impetus
802 758 893 842 volgi
914 757 1063 822 cohibere
1084 778 1154 823 non

148 849 262 934 possit,
275 870 378 931 neque
392 848 487 911 liberi
501 869 573 912 cum
592 846 717 930 inpuris
732 849 829 928 atque
843 845 1026 909 inmanibus
1042 845 1153 910 adver·

149 937 243 1002 sariis
258 936 474 1000 decertantem
487 935 540 999 vel
554 933 821 998 contumeliarum
835 932 970 997 verbera
981 932 1089 997 subire
1098 934 1153 998 vel

150 1026 316 1108 expectare
337 1022 476 1107 sapienti
493 1043 559 1086 non
576 1020 725 1085 ferendas
742 1019 891 1104 iniurias;
908 1019 1043 1104 proinde
1079 1021 1153 1085 uasi

148 1139 175 1190 p.
194 1113 242 1190 so]
259 1109 353 1174 bonis
374 1113 407 1174 et
423 1109 564 1174 fortibus
583 1112 616 1172 et
633 1128 753 1193 magno
772 1107 879 1172 animo
898 1041 1153 1193 praeditisiulla

150 1197 192 1261 sit
215 1197 255 1261 ad
277 1219 346 1261 1111
368 1197 532 1281 publicam
555 1196 691 1260 adeundi
713 1216 810 1260 causa
831 1195 964 1280 iustior,
990 1217 1088 1279 quam
1110 1217 1152 1260 ne

148 1288 285 1370 pareant
301 1285 447 1368 inprobis
463 1305 543 1349 neve
566 1283 607 1348 ab
625 1284 728 1347 isdem
745 1283 882 1348 lacerari
900 1304 968 1347 rem
986 1282 1152 1367 publicam

148 1372 324 1457 patiantur,
338 1393 410 1436 cum
418 1372 483 1457 ipsi
493 1371 648 1436 auxilium
656 1370 749 1454 ferre,
760 1371 788 1434 si
797 1370 938 1454 cupiant,
947 1391 1013 1435 non
1022 1375 1152 1454 queant.

214 1459 277 1524 Illa
308 1463 416 1524 autem
448 1459 592 1543 exceptio
624 1458 676 1523 oui
706 1457 839 1543 probari
869 1457 1001 1522 tandem
1032 1461 1153 1544 potest,

149 1547 235 1630 quod
259 1551 381 1632 negant
404 1548 583 1631 sapientem
606 1550 830 1630 suscepturum
852 1545 954 1609 ullam
976 1545 1025 1609 rei
1045 1545 1152 1630 publi·

149 1656 204 1699 cae
227 1638 363 1719 partem,
386 1638 478 1699 extra
501 1655 597 1718 quam
621 1634 649 1697 si
672 1655 745 1698 eum
767 1637 895 1717 tempus
919 1636 953 1696 et
973 1632 1152 1698 necessitas

149 1721 312 1806 coegerit?
343 1721 435 1805 quasi
461 1743 537 1787 vero
565 1721 668 1786 maior
696 1720 845 1805 cuiquam
871 1720 1047 1785 necessitas
1072 1721 1153 1786 acci·

149 1809 223 1874 dere
249 1809 367 1894 possit,
397 1831 494 1892 quam
521 1809 637 1874 accidit
663 1808 772 1891 nobis3
801 1808 837 1872 in
860 1829 924 1891 qua
946 1808 1024 1891 quid
1044 1808 1152 1874 facere

147 1925 175 1977 p.
195 1898 241 1976 83]
269 1897 461 1981 potuissem,
488 1895 492 1981 1
518 1896 583 1960 nisi
608 1900 679 1959 tum
702 1895 814 1960 consul
836 1894 991 1959 fuissem?
1029 1893 1152 1960 Consul

149 1987 257 2048 autem
285 2005 354 2048 esse
377 1984 433 2066 qui
454 1983 559 2067 potui,
587 1983 652 2046 nisi
675 2003 747 2047 eum
769 1983 857 2047 vitae
880 2003 1008 2048 cursum
1031 1983 1153 2048 tenuis-

149 2091 217 2135 sem
240 2093 260 2134 a
281 2070 434 2153 pueritia,
463 2091 522 2153 per
545 2090 640 2152 quem
663 2070 804 2153 equestri
827 2070 898 2134 loco
921 2074 1019 2134 natus
1041 2092 1152 2154 perve-

147 2157 251 2221 nirem
275 2157 315 2222 ad
332 2156 488 2220 honorem
507 2156 765 2241 amplissimum?
792 2156 868 2222 Non
885 2157 986 2242 igitur
1003 2160 1152 2242 potestas

149 2247 199 2308 est
218 2265 256 2307 ex
273 2246 427 2327 tempore,
451 2247 507 2307 aut
525 2265 598 2309 cum
616 2244 706 2327 velis,
729 2245 911 2329 opitulandi
928 2245 976 2310 rei
992 2246 1153 2331 publicae,

149 2331 296 2414 quamvis
326 2351 364 2395 ea
390 2335 558 2415 prematur
584 2331 749 2416 periculis,
777 2333 842 2397 nisi
869 2354 907 2398 eo
930 2333 1002 2398 loco
1025 2333 1084 2416 sis,
1114 2338 1153 2398 ut

149 2419 210 2483 tibi
242 2419 276 2483 id
306 2417 411 2483 facere
443 2419 548 2484 liceat.
594 2419 797 2503 Maximeque
828 2420 890 2485 hoc
920 2420 956 2484 in
981 2418 1152 2486 hominum

149 2508 316 2572 doctorum
340 2506 486 2572 oratione
508 2507 589 2571 mihi
606 2508 725 2572 mirum
742 2507 845 2572 videri
863 2509 954 2591 solet,
977 2508 1072 2592 quod,
1095 2509 1153 2592 qui

147 2621 175 2672 p.
190 2596 237 2674 84]
255 2594 433 2677 tranquillo
447 2590 545 2680 1111111
564 2595 744 2681 gubernare
763 2617 797 2659 se
809 2598 930 2680 negent
942 2616 1046 2678 posse,
1066 2596 1153 2678 quod

147 2703 206 2746 nec
229 2681 397 2746 didicerint
418 2703 478 2746 nec
500 2686 654 2765 umquam
677 2683 758 2748 scire
781 2681 972 2764 curaverint,
994 2682 1091 2746 iidem
1110 2683 1154 2748 ad

149 2769 366 2854 gubernacula
389 2790 423 2833 se
447 2791 630 2835 accessuros
653 2771 867 2856 profiteantur
885 2769 1033 2834 excitatis
1052 2770 1153 2834 maxi·

148 2855 209 2919 mis
242 2855 400 2920 fluctibus.
445 2856 508 2921 Isti
540 2858 625 2922 enim
656 2859 766 2941 palam
796 2857 899 2922 dicero
927 2861 1024 2940 atque
1049 2857 1085 2922 in
1112 2880 1152 2923 eo

148 2944 287 3007 multum
311 2943 409 3008 etiam
432 2944 567 3029 gloriari
590 2945 705 3029 solent,
729 2967 762 3008 sa
786 2945 824 3009 de
842 2944 1024 3008 rationibus
1042 2966 1153 3011 rerum

147 3031 351 3115 publicarum
375 3035 430 3095 aut
453 3032 751 3096 constituendarum
774 3035 830 3096 aut
852 3033 1046 3097 tuendarum
1067 3032 1153 3098 nihil

148 3139 205 3181 nec
238 3118 387 3182 didicisse
417 3140 571 3203 umquam
599 3141 658 3185 nec
685 3119 812 3202 docere,
844 3140 1017 3204 earumque
1043 3142 1153 3185 rorum

147 3231 174 3281 p.
194 3207 240 3283 ss]
266 3205 434 3270 scientiam
451 3227 518 3270 non
535 3206 637 3270 doctis
655 3207 841 3272 hominibus
862 3206 865 3289 1
886 3229 925 3272 ac
942 3208 1155 3293 sapientibus,

148 3290 204 3354 sed
239 3290 274 3354 in
304 3292 362 3356 illo
395 3314 509 3377 genere
542 3294 726 3358 exercitatis
759 3294 994 3359 concedendam
1025 3298 1153 3380 putant.

147 3376 252 3453 Quare
281 3379 336 3462 qui
363 3381 512 3444 convenit
534 3381 683 3466 polliceri
705 3403 837 3467 operam
860 3404 955 3447 suam
977 3382 1025 3446 rei
1046 3382 1154 3468 publi-

145 3484 203 3531 cae
225 3470 295 3530 tum
319 3465 467 3552 denique,
490 3467 519 3532 si
540 3469 733 3535 necessitate
757 3471 939 3555 cogantur?
962 3492 1044 3554 cum,
1068 3472 1156 3554 quod
