2476 3848
532 149 770 215 -564-

146 317 238 378 tuum
259 333 378 378 nomen
401 333 435 376 se
457 314 530 375 tota
552 313 718 376 convertet
740 310 869 393 civitas,
891 313 925 375 te
948 313 1093 394 senatus,
1116 314 1151 376 te

146 423 256 467 omnes
284 400 374 483 boni,
401 403 435 464 te
462 399 554 483 socii,
580 401 614 463 te
636 397 746 462 Latini
771 398 996 481 intuebuntur,
1023 401 1060 462 tu
1083 399 1147 463 eris

145 511 237 572 nnus,
259 489 295 552 in
317 509 381 572 qno
400 487 524 552 nitatur
542 486 684 552 civitatis
704 486 801 571 salus,
825 507 871 569 ao,
893 507 933 550 nc
952 487 1064 570 multa,
1088 487 1151 552 dic·

145 581 235 642 tator
257 598 326 641 rem
347 575 511 659 publicam
534 574 712 640 constituas
734 577 873 658 oportet,
897 574 925 638 si
942 574 1059 658 impias
1078 596 1150 658 pro

145 666 340 750 pinqucrum
375 684 489 728 manus
526 662 686 748 effugeris.
738 661 802 727 Hic
833 684 905 727 oum
937 662 1151 727 exclamasset

145 753 275 818 Laelius
306 751 604 838 ingemuissentque
635 749 857 814 vehementius
890 750 1001 833 ceteri,
1033 750 1152 815 leniter

146 840 291 906 arridens
315 837 435 925 Scipio:
468 835 519 903 St!
547 859 689 938 quaeso,
706 837 826 921 inquit,
852 859 893 902 ne
921 859 972 902 me
995 859 1013 902 e
1036 859 1150 902 somno

64 944 74 1012 l
95 930 398 1120 {33l3lexclliclllqnii
413 926 876 1097 iiffliilinaelldiliciieriirid
892 1014 1064 1079 tutandam
1081 1036 1151 1079 rem

146 1103 319 1188 publicam,
342 1103 389 1167 sio
410 1102 545 1166 habeto:
568 1101 726 1185 omnibus,
751 1102 806 1185 qui
823 1101 965 1185 patriam
983 1123 1151 1167 conserva-

144 1191 265 1273 verint,
289 1190 483 1273 adiuverint,
506 1189 663 1273 auxerint,
686 1193 811 1255 certum
834 1210 903 1253 esse
930 1190 1075 1254 incaelo
1099 1191 1151 1255 de

144 1278 274 1343 finitum
303 1278 425 1361 locum,
455 1278 511 1342 ubi
538 1278 627 1342 beati
654 1299 734 1342 aevo
763 1277 958 1362 sempiterno
986 1277 1151 1362 fruantur3

144 1367 227 1431 nihil
260 1369 310 1430 est
342 1366 428 1430 enim
461 1366 511 1429 illi
544 1365 683 1450 principi
712 1365 785 1448 deo,
815 1365 871 1448 qui
901 1388 1029 1431 omnem
1060 1389 1151 1430 mun-

145 1456 221 1519 dum
244 1454 339 1541 regit,
363 1454 448 1537 quod
467 1453 595 1538 quidem
613 1454 649 1517 in
666 1453 762 1517 terris
779 1453 848 1537 fiat,
871 1454 1031 1539 acceptius
1052 1476 1150 1537 quam
1216 1494 1219 1499 -

145 1543 281 1608 concilia
299 1546 472 1625 coetusque
490 1542 658 1606 hominum
675 1541 744 1605 iure
763 1541 886 1624 sociati,
905 1564 987 1625 quae
1001 1542 1150 1607 civitates

146 1631 365 1716 appellantur,
383 1631 499 1695 harum
517 1633 658 1695 rectores
678 1633 711 1694 et
729 1632 972 1694 conservatores
989 1630 1064 1695 hinc
1078 1651 1151 1714 pro-

144 1719 223 1783 fecti
240 1718 303 1783 huc
326 1721 540 1783 revertuntur.

95 1783 137 1847 14
212 1805 274 1871 Hic
292 1827 363 1892 ego,
382 1806 444 1870 etsi
460 1828 548 1870 eram
564 1804 755 1890 perterritus
769 1808 918 1870 nontam
932 1806 1047 1871 mortis
1061 1809 1150 1870 metu

93 1861 243 1978 14quam
272 1894 462 1959 insidiarum
491 1917 510 1959 a
537 1893 631 1976 meis,
662 1893 807 1976 quaesivi
833 1896 956 1976 tamen,
985 1894 1149 1959 viveretne

144 1983 214 2067 ipse
238 1985 271 2046 et
293 1981 413 2047 Paulus
436 1984 585 2064 pateret
608 1980 673 2062 alii,
696 2001 777 2063 quos
799 2001 859 2044 nos
882 1981 1042 2046 extinctos
1066 1981 1150 2046 arbi·

144 2074 313 2135 traremur.
353 2068 457 2132 Immo
480 2087 566 2149 vere,
588 2067 703 2151 inquit,
725 2067 760 2131 hi
782 2067 905 2152 vivunt,
928 2069 985 2153 qui
1003 2092 1020 2133 e
1038 2090 1149 2153 corpo-

144 2178 217 2220 rum
244 2154 381 2220 vinculis
409 2158 576 2238 tamquam
599 2176 766 2220 coarcere
789 2157 1013 2236 evolaverunt,
1040 2160 1150 2221 vestra

143 2263 231 2326 vero,
254 2263 335 2326 quae
359 2242 484 2326 dicitur,
505 2242 576 2307 vita
598 2264 685 2308 mors
708 2247 767 2308 est.
804 2243 889 2320 Quin
911 2249 948 2309 tu
971 2245 1088 2328 aspicis
1108 2245 1150 2308 ad

144 2335 179 2396 11
206 2330 389 2396 venientem
416 2328 553 2396 Paulum
580 2333 729 2415 patrem?
765 2330 867 2407 Quem
894 2335 931 2398 ut
953 2332 1032 2415 vidi,
1062 2333 1150 2416 equi·

145 2420 217 2484 dem
235 2418 302 2484 vim
320 2419 526 2484 lacrimarum
543 2418 681 2503 profudi,
698 2420 756 2485 illc
774 2424 883 2485 autem
897 2442 948 2485 mc
963 2420 1148 2506 complexus

145 2510 243 2591 atque
266 2508 416 2573 osculans
439 2508 515 2572 llere
538 2507 741 2591 prohibebat.

95 2574 136 2699 155
211 2594 321 2679 Atque
348 2616 408 2681 ego
438 2599 475 2659 ut
502 2595 642 2679 primum
670 2595 748 2659 fletu
770 2617 918 2679 represso
940 2596 1030 2678 loqui
1052 2617 1149 2680 posse

93 2651 106 2699 ¹
145 2683 244 2769 coepi,
263 2681 398 2767 Quaeso,
415 2682 557 2767 inquam,
575 2685 669 2767 pater
688 2683 890 2748 sanctissime
904 2687 1001 2766 atque
1016 2683 1149 2767 optime,

144 2771 296 2855 quoniam
314 2771 394 2836 haec
413 2774 463 2834 cst
476 2771 553 2853 vita,
571 2773 608 2835 ut
622 2769 811 2836 Africanum
826 2771 920 2836 audio
935 2770 1048 2854 dicere,
1068 2771 1147 2854 quid

144 2880 253 2924 moror
285 2859 319 2922 in
350 2859 468 2923 terris?
501 2859 579 2942 quin
610 2859 673 2924 huo
699 2859 740 2923 ad
767 2880 825 2924 vos
852 2857 961 2923 venire
987 2861 1149 2945 propero?

144 2944 221 3010 Non
243 2950 293 3010 est
314 2946 371 3028 ita,
394 2946 500 3030 inquit
522 2946 588 3010 ille.
623 2944 697 3010 Nisi
717 2946 803 3011 enim
823 2947 956 3031 densis,
979 2947 1069 3013 ouius
1086 2947 1149 3012 hoc

144 3035 302 3119 templum
329 3037 380 3099 est
403 3056 497 3099 omne
504 3084 512 3116 ,
543 3034 629 3118 quod
651 3034 823 3119 conspicis,
850 3034 924 3099 istis
946 3039 980 3100 11
1003 3035 1148 3119 corporis

145 3121 299 3185 custodiis
318 3122 515 3205 liberaverit,
532 3122 595 3186 huc
613 3122 674 3186 tibi
692 3122 799 3191 aditus
817 3127 928 3207 patere
946 3144 1012 3187 non
1030 3127 1149 3207 potest.

144 3207 301 3272 Homines
329 3209 416 3274 enim
439 3213 514 3274 sunt
536 3210 598 3288 hac
620 3210 692 3295 lege
715 3211 875 3296 generati,
903 3211 958 3294 qui
980 3215 1149 3276 tuerentur

143 3295 237 3360 illum
270 3297 418 3382 globum,
451 3319 545 3381 quem
577 3296 611 3361 in
639 3298 701 3363 hoc
730 3297 853 3383 templo
881 3299 1022 3364 medium
1049 3299 1148 3382 vides,

166 3406 226 3449 uae
254 3387 342 3450 terra
370 3385 499 3469 dicitur,
529 3385 632 3469 iisque
659 3385 786 3450 animus
815 3386 909 3452 datus
936 3391 987 3452 est
1014 3408 1053 3452 ex
1080 3387 1148 3449 illis

59 3402 350 3633 Nmpiternis
366 3472 526 3559 ignibuS,
559 3495 640 3556 quac
672 3473 778 3540 sidera
810 3477 843 3538 et
872 3475 985 3540 stellas
1012 3473 1148 3558 vocatis,
