<?xml version="1.0" encoding="UTF-8"?>
<!DOCTYPE html PUBLIC "-//W3C//DTD XHTML 1.0 Transitional//EN"
    "http://www.w3.org/TR/xhtml1/DTD/xhtml1-transitional.dtd">
<html xmlns="http://www.w3.org/1999/xhtml" xml:lang="en" lang="en">
 <head>
  <title>
</title>
<meta http-equiv="Content-Type" content="text/html;charset=utf-8" />
  <meta name='ocr-system' content='tesseract 3.04.00' />
  <meta name='ocr-capabilities' content='ocr_page ocr_carea ocr_par ocr_line ocrx_word'/>
</head>
<body>
  <div class='ocr_page' id='page_1' title='image "./cicerosphilosop01cicegoog_0481.png"; bbox 0 0 2436 3840; ppageno 0'>
   <div class='ocr_carea' id='block_1_1' title="bbox 535 172 775 236">
    <p class='ocr_par' dir='ltr' id='par_1_1' title="bbox 535 172 775 236">
     <span class='ocr_line' id='line_1_1' title="bbox 535 172 775 236; baseline 0.004 -16"><span class='ocrx_word' id='word_1_1' title='bbox 535 172 775 236; x_wconf 77' lang='grc'><strong>..464-</strong></span> 
     </span>
    </p>
   </div>
   <div class='ocr_carea' id='block_1_2' title="bbox 152 301 1164 421">
    <p class='ocr_par' dir='ltr' id='par_1_2' title="bbox 152 301 1164 421">
     <span class='ocr_line' id='line_1_2' title="bbox 152 301 1164 421; baseline 0.002 -22"><span class='ocrx_word' id='word_1_2' title='bbox 152 332 342 400; x_wconf 82' lang='lat' dir='ltr'><strong>Carneades.</strong></span> <span class='ocrx_word' id='word_1_3' title='bbox 378 329 462 396; x_wconf 86' lang='lat' dir='ltr'><strong>Nam</strong></span> <span class='ocrx_word' id='word_1_4' title='bbox 481 352 563 415; x_wconf 86' lang='lat' dir='ltr'><strong>cum,</strong></span> <span class='ocrx_word' id='word_1_5' title='bbox 582 352 799 416; x_wconf 87' lang='lat' dir='ltr'><strong>quaecumque</strong></span> <span class='ocrx_word' id='word_1_6' title='bbox 815 331 903 396; x_wconf 85' lang='lat' dir='ltr'><strong>bona</strong></span> <span class='ocrx_word' id='word_1_7' title='bbox 920 301 1164 421; x_wconf 74' lang='lat' dir='ltr'><strong>Peripateticis,</strong></span> 
     </span>
    </p>
   </div>
   <div class='ocr_carea' id='block_1_3' title="bbox 101 419 1162 2081">
    <p class='ocr_par' dir='ltr' id='par_1_3' title="bbox 152 419 1162 1185">
     <span class='ocr_line' id='line_1_3' title="bbox 153 419 1161 504; baseline 0.002 -18"><span class='ocrx_word' id='word_1_8' title='bbox 153 422 263 486; x_wconf 83' lang='lat' dir='ltr'><strong>eadem</strong></span> <span class='ocrx_word' id='word_1_9' title='bbox 281 419 398 486; x_wconf 79' lang='lat' dir='ltr'><strong>Stoicis</strong></span> <span class='ocrx_word' id='word_1_10' title='bbox 416 420 585 484; x_wconf 88' lang='lat' dir='ltr'><strong>commoda</strong></span> <span class='ocrx_word' id='word_1_11' title='bbox 601 419 798 502; x_wconf 86' lang='lat' dir='ltr'><strong>viderentur,</strong></span> <span class='ocrx_word' id='word_1_12' title='bbox 818 440 921 504; x_wconf 88' lang='lat' dir='ltr'><strong>neque</strong></span> <span class='ocrx_word' id='word_1_13' title='bbox 937 426 1059 486; x_wconf 83' lang='lat' dir='ltr'><strong>tamen</strong></span> <span class='ocrx_word' id='word_1_14' title='bbox 1077 424 1161 488; x_wconf 89' lang='lat' dir='ltr'><strong>Peri-</strong></span> 
     </span>
     <span class='ocr_line' id='line_1_4' title="bbox 153 507 1161 594; baseline 0.005 -22"><span class='ocrx_word' id='word_1_15' title='bbox 153 508 285 593; x_wconf 85' lang='lat' dir='ltr'><strong>patetici</strong></span> <span class='ocrx_word' id='word_1_16' title='bbox 299 509 371 592; x_wconf 89' lang='lat' dir='ltr'><strong>plus</strong></span> <span class='ocrx_word' id='word_1_17' title='bbox 385 507 565 573; x_wconf 86' lang='lat' dir='ltr'><strong>tribuerent</strong></span> <span class='ocrx_word' id='word_1_18' title='bbox 578 507 709 591; x_wconf 82' lang='lat' dir='ltr'><strong>divitiis,</strong></span> <span class='ocrx_word' id='word_1_19' title='bbox 721 508 825 572; x_wconf 82' lang='lat' dir='ltr'><strong>bonae</strong></span> <span class='ocrx_word' id='word_1_20' title='bbox 839 508 1033 594; x_wconf 85' lang='lat' dir='ltr'><strong>valetudini,</strong></span> <span class='ocrx_word' id='word_1_21' title='bbox 1047 514 1161 576; x_wconf 87' lang='lat' dir='ltr'><strong>ceteris</strong></span> 
     </span>
     <span class='ocr_line' id='line_1_5' title="bbox 152 593 1162 682; baseline 0.003 -21"><span class='ocrx_word' id='word_1_22' title='bbox 152 599 248 661; x_wconf 90' lang='lat' dir='ltr'><strong>rebus</strong></span> <span class='ocrx_word' id='word_1_23' title='bbox 274 596 401 681; x_wconf 83' lang='lat' dir='ltr'><strong>generis</strong></span> <span class='ocrx_word' id='word_1_24' title='bbox 428 595 570 659; x_wconf 87' lang='lat' dir='ltr'><strong>eiusdem</strong></span> <span class='ocrx_word' id='word_1_25' title='bbox 596 616 693 678; x_wconf 83' lang='lat' dir='ltr'><strong>quam</strong></span> <span class='ocrx_word' id='word_1_26' title='bbox 720 593 832 677; x_wconf 80' lang='lat' dir='ltr'><strong>Stoici,</strong></span> <span class='ocrx_word' id='word_1_27' title='bbox 862 615 936 660; x_wconf 90' lang='lat' dir='ltr'><strong>cum</strong></span> <span class='ocrx_word' id='word_1_28' title='bbox 958 617 998 661; x_wconf 91' lang='lat' dir='ltr'><strong>ea</strong></span> <span class='ocrx_word' id='word_1_29' title='bbox 1022 620 1076 682; x_wconf 89' lang='lat' dir='ltr'><strong>re,</strong></span> <span class='ocrx_word' id='word_1_30' title='bbox 1098 622 1162 666; x_wconf 90' lang='lat' dir='ltr'><strong>nou</strong></span> 
     </span>
     <span class='ocr_line' id='line_1_6' title="bbox 152 682 1160 771; baseline 0.005 -23"><span class='ocrx_word' id='word_1_31' title='bbox 152 684 259 750; x_wconf 82' lang='lat' dir='ltr'><strong>verbis</strong></span> <span class='ocrx_word' id='word_1_32' title='bbox 281 684 546 768; x_wconf 87' lang='lat' dir='ltr'><strong>ponderarentur,</strong></span> <span class='ocrx_word' id='word_1_33' title='bbox 570 705 699 748; x_wconf 83' lang='lat' dir='ltr'><strong>causam</strong></span> <span class='ocrx_word' id='word_1_34' title='bbox 719 704 788 748; x_wconf 85' lang='lat' dir='ltr'><strong>esse</strong></span> <span class='ocrx_word' id='word_1_35' title='bbox 810 682 987 748; x_wconf 85' lang='lat' dir='ltr'><strong>dissidendi</strong></span> <span class='ocrx_word' id='word_1_36' title='bbox 1005 688 1160 771; x_wconf 81' lang='lat' dir='ltr'><strong>negabat</strong></span> 
     </span>
     <span class='ocr_line' id='line_1_7' title="bbox 153 770 1160 859; baseline 0.005 -23"><span class='ocrx_word' id='word_1_37' title='bbox 153 772 259 848; x_wconf 82' lang='lat' dir='ltr'><strong>Quare</strong></span> <span class='ocrx_word' id='word_1_38' title='bbox 280 770 366 835; x_wconf 91' lang='lat' dir='ltr'><strong>hunc</strong></span> <span class='ocrx_word' id='word_1_39' title='bbox 388 771 495 835; x_wconf 89' lang='lat' dir='ltr'><strong>locum</strong></span> <span class='ocrx_word' id='word_1_40' title='bbox 513 776 690 835; x_wconf 86' lang='lat' dir='ltr'><strong>ceterarum</strong></span> <span class='ocrx_word' id='word_1_41' title='bbox 707 770 950 854; x_wconf 84' lang='lat' dir='ltr'><strong>disciplinarum</strong></span> <span class='ocrx_word' id='word_1_42' title='bbox 967 772 1160 859; x_wconf 91' lang='lat' dir='ltr'><strong>philosophi</strong></span> 
     </span>
     <span class='ocr_line' id='line_1_8' title="bbox 153 858 1160 946; baseline 0.004 -23"><span class='ocrx_word' id='word_1_43' title='bbox 153 882 248 944; x_wconf 86' lang='lat' dir='ltr'><strong>quem</strong></span> <span class='ocrx_word' id='word_1_44' title='bbox 272 859 312 924; x_wconf 89' lang='lat' dir='ltr'><strong>ad</strong></span> <span class='ocrx_word' id='word_1_45' title='bbox 335 859 465 923; x_wconf 90' lang='lat' dir='ltr'><strong>modum</strong></span> <span class='ocrx_word' id='word_1_46' title='bbox 483 859 629 923; x_wconf 87' lang='lat' dir='ltr'><strong>obtinere</strong></span> <span class='ocrx_word' id='word_1_47' title='bbox 651 859 790 942; x_wconf 76' lang='lat' dir='ltr'><strong>possint,</strong></span> <span class='ocrx_word' id='word_1_48' title='bbox 811 859 874 942; x_wconf 91' lang='lat' dir='ltr'><strong>ipsi</strong></span> <span class='ocrx_word' id='word_1_49' title='bbox 897 858 1058 946; x_wconf 69' lang='lat' dir='ltr'><strong>viderint,</strong></span> <span class='ocrx_word' id='word_1_50' title='bbox 1082 863 1160 927; x_wconf 88' lang='lat' dir='ltr'><strong>mihi</strong></span> 
     </span>
     <span class='ocr_line' id='line_1_9' title="bbox 152 945 1160 1031; baseline 0.005 -20"><span class='ocrx_word' id='word_1_51' title='bbox 152 951 262 1012; x_wconf 84' lang='lat' dir='ltr'><strong>tamen</strong></span> <span class='ocrx_word' id='word_1_52' title='bbox 284 949 413 1031; x_wconf 83' lang='lat' dir='ltr'><strong>gratum</strong></span> <span class='ocrx_word' id='word_1_53' title='bbox 431 948 493 1026; x_wconf 90' lang='lat' dir='ltr'><strong>est,</strong></span> <span class='ocrx_word' id='word_1_54' title='bbox 515 945 601 1029; x_wconf 89' lang='lat' dir='ltr'><strong>quod</strong></span> <span class='ocrx_word' id='word_1_55' title='bbox 622 946 662 1010; x_wconf 91' lang='lat' dir='ltr'><strong>de</strong></span> <span class='ocrx_word' id='word_1_56' title='bbox 680 946 872 1029; x_wconf 84' lang='lat' dir='ltr'><strong>sapientium</strong></span> <span class='ocrx_word' id='word_1_57' title='bbox 893 951 1058 1030; x_wconf 84' lang='lat' dir='ltr'><strong>perpetua</strong></span> <span class='ocrx_word' id='word_1_58' title='bbox 1081 952 1160 1016; x_wconf 88' lang='lat' dir='ltr'><strong>bene</strong></span> 
     </span>
     <span class='ocr_line' id='line_1_10' title="bbox 153 1033 1159 1117; baseline 0.005 -20"><span class='ocrx_word' id='word_1_59' title='bbox 153 1034 281 1098; x_wconf 82' lang='lat' dir='ltr'><strong>vivendi</strong></span> <span class='ocrx_word' id='word_1_60' title='bbox 297 1033 451 1097; x_wconf 74' lang='lat' dir='ltr'><strong>facultate</strong></span> <span class='ocrx_word' id='word_1_61' title='bbox 470 1033 602 1117; x_wconf 81' lang='lat' dir='ltr'><strong>dignum</strong></span> <span class='ocrx_word' id='word_1_62' title='bbox 619 1033 771 1117; x_wconf 85' lang='lat' dir='ltr'><strong>quiddam</strong></span> <span class='ocrx_word' id='word_1_63' title='bbox 788 1033 1066 1116; x_wconf 92' lang='lat' dir='ltr'><strong>philosophorum</strong></span> <span class='ocrx_word' id='word_1_64' title='bbox 1085 1059 1159 1104; x_wconf 85' lang='lat' dir='ltr'><strong>voce</strong></span> 
     </span>
     <span class='ocr_line' id='line_1_11' title="bbox 176 1121 352 1185; baseline 0 -1"><span class='ocrx_word' id='word_1_65' title='bbox 176 1121 352 1185; x_wconf 88' lang='lat' dir='ltr'><strong>rofitentur.</strong></span> 
     </span>
    </p>

    <p class='ocr_par' dir='ltr' id='par_1_4' title="bbox 102 1142 1159 1384">
     <span class='ocr_line' id='line_1_12' title="bbox 102 1142 1159 1294; baseline 0.009 -26"><span class='ocrx_word' id='word_1_66' title='bbox 102 1142 175 1268; x_wconf 62' lang='grc' dir='ltr'><strong>ΜΡ</strong></span> <span class='ocrx_word' id='word_1_67' title='bbox 220 1206 282 1273; x_wconf 85' lang='lat' dir='ltr'><strong>Sed</strong></span> <span class='ocrx_word' id='word_1_68' title='bbox 303 1207 456 1291; x_wconf 84' lang='lat' dir='ltr'><strong>quoniam</strong></span> <span class='ocrx_word' id='word_1_69' title='bbox 478 1230 572 1273; x_wconf 85' lang='lat' dir='ltr'><strong>manc</strong></span> <span class='ocrx_word' id='word_1_70' title='bbox 594 1212 645 1273; x_wconf 92' lang='lat' dir='ltr'><strong>est</strong></span> <span class='ocrx_word' id='word_1_71' title='bbox 666 1209 818 1290; x_wconf 83' lang='lat' dir='ltr'><strong>eundum,</strong></span> <span class='ocrx_word' id='word_1_72' title='bbox 843 1208 904 1273; x_wconf 85' lang='lat' dir='ltr'><strong>has</strong></span> <span class='ocrx_word' id='word_1_73' title='bbox 927 1210 1077 1294; x_wconf 87' lang='lat' dir='ltr'><strong>quinque</strong></span> <span class='ocrx_word' id='word_1_74' title='bbox 1100 1214 1159 1277; x_wconf 81' lang='lat' dir='ltr'><strong>die</strong></span> 
     </span>
     <span class='ocr_line' id='line_1_13' title="bbox 152 1295 1159 1384; baseline 0.002 -22"><span class='ocrx_word' id='word_1_75' title='bbox 152 1318 225 1362; x_wconf 87' lang='lat' dir='ltr'><strong>rum</strong></span> <span class='ocrx_word' id='word_1_76' title='bbox 239 1295 475 1379; x_wconf 85' lang='lat' dir='ltr'><strong>disputationes</strong></span> <span class='ocrx_word' id='word_1_77' title='bbox 488 1297 642 1361; x_wconf 85' lang='lat' dir='ltr'><strong>memoria</strong></span> <span class='ocrx_word' id='word_1_78' title='bbox 655 1295 969 1379; x_wconf 85' lang='lat' dir='ltr'><strong>comprehendamus.</strong></span> <span class='ocrx_word' id='word_1_79' title='bbox 998 1297 1159 1384; x_wconf 84' lang='lat' dir='ltr'><strong>Equidem</strong></span> 
     </span>
    </p>

    <p class='ocr_par' dir='ltr' id='par_1_5' title="bbox 101 1384 1159 2081">
     <span class='ocr_line' id='line_1_14' title="bbox 101 1384 1157 1469; baseline 0.004 -19"><span class='ocrx_word' id='word_1_80' title='bbox 101 1422 103 1427; x_wconf 92' lang='lat'>·</span> <span class='ocrx_word' id='word_1_81' title='bbox 153 1407 205 1450; x_wconf 91' lang='lat' dir='ltr'><strong>me</strong></span> <span class='ocrx_word' id='word_1_82' title='bbox 222 1385 321 1450; x_wconf 87' lang='lat' dir='ltr'><strong>etiam</strong></span> <span class='ocrx_word' id='word_1_83' title='bbox 344 1385 597 1468; x_wconf 86' lang='lat' dir='ltr'><strong>conscripturum</strong></span> <span class='ocrx_word' id='word_1_84' title='bbox 615 1384 756 1449; x_wconf 84' lang='lat' dir='ltr'><strong>arbitror</strong></span> <span class='ocrx_word' id='word_1_85' title='bbox 778 1384 847 1469; x_wconf 87' lang='lat' dir='ltr'><strong>(ubi</strong></span> <span class='ocrx_word' id='word_1_86' title='bbox 865 1384 951 1448; x_wconf 90' lang='lat' dir='ltr'><strong>enim</strong></span> <span class='ocrx_word' id='word_1_87' title='bbox 970 1387 1095 1454; x_wconf 86' lang='lat' dir='ltr'><strong>melius</strong></span> <span class='ocrx_word' id='word_1_88' title='bbox 1114 1389 1157 1454; x_wconf 74' lang='lat' dir='ltr'><strong>ut</strong></span> 
     </span>
     <span class='ocr_line' id='line_1_15' title="bbox 153 1469 1159 1562; baseline 0.004 -24"><span class='ocrx_word' id='word_1_89' title='bbox 153 1494 322 1558; x_wconf 88' lang='lat' dir='ltr'><strong>possumus</strong></span> <span class='ocrx_word' id='word_1_90' title='bbox 348 1472 423 1555; x_wconf 89' lang='lat' dir='ltr'><strong>hoc,</strong></span> <span class='ocrx_word' id='word_1_91' title='bbox 451 1472 638 1537; x_wconf 90' lang='lat' dir='ltr'><strong>cuicuimodi</strong></span> <span class='ocrx_word' id='word_1_92' title='bbox 661 1475 722 1555; x_wconf 88' lang='lat' dir='ltr'><strong>est,</strong></span> <span class='ocrx_word' id='word_1_93' title='bbox 745 1469 862 1557; x_wconf 81' lang='lat' dir='ltr'><strong>otio‘l),</strong></span> <span class='ocrx_word' id='word_1_94' title='bbox 890 1471 931 1535; x_wconf 84' lang='lat' dir='ltr'><strong>ad</strong></span> <span class='ocrx_word' id='word_1_95' title='bbox 953 1471 1159 1562; x_wconf 89' lang='lat' dir='ltr'><strong>Brutumque</strong></span> 
     </span>
     <span class='ocr_line' id='line_1_16' title="bbox 153 1559 1157 1649; baseline 0.004 -24"><span class='ocrx_word' id='word_1_96' title='bbox 153 1565 301 1627; x_wconf 88' lang='lat' dir='ltr'><strong>nostrum</strong></span> <span class='ocrx_word' id='word_1_97' title='bbox 327 1560 387 1625; x_wconf 91' lang='lat' dir='ltr'><strong>hos</strong></span> <span class='ocrx_word' id='word_1_98' title='bbox 413 1560 515 1625; x_wconf 89' lang='lat' dir='ltr'><strong>libros</strong></span> <span class='ocrx_word' id='word_1_99' title='bbox 537 1561 656 1625; x_wconf 87' lang='lat' dir='ltr'><strong>alteros</strong></span> <span class='ocrx_word' id='word_1_100' title='bbox 684 1560 822 1645; x_wconf 89' lang='lat' dir='ltr'><strong>quinque</strong></span> <span class='ocrx_word' id='word_1_101' title='bbox 844 1559 1027 1643; x_wconf 88' lang='lat' dir='ltr'><strong>mittemus,</strong></span> <span class='ocrx_word' id='word_1_102' title='bbox 1052 1585 1157 1649; x_wconf 89' lang='lat' dir='ltr'><strong>aquo</strong></span> 
     </span>
     <span class='ocr_line' id='line_1_17' title="bbox 154 1646 1158 1734; baseline 0.004 -22"><span class='ocrx_word' id='word_1_103' title='bbox 154 1670 220 1712; x_wconf 91' lang='lat' dir='ltr'><strong>non</strong></span> <span class='ocrx_word' id='word_1_104' title='bbox 247 1649 342 1714; x_wconf 91' lang='lat' dir='ltr'><strong>modo</strong></span> <span class='ocrx_word' id='word_1_105' title='bbox 369 1648 489 1730; x_wconf 91' lang='lat' dir='ltr'><strong>inpulsi</strong></span> <span class='ocrx_word' id='word_1_106' title='bbox 512 1669 620 1712; x_wconf 88' lang='lat' dir='ltr'><strong>sumus</strong></span> <span class='ocrx_word' id='word_1_107' title='bbox 641 1647 681 1711; x_wconf 87' lang='lat' dir='ltr'><strong>ad</strong></span> <span class='ocrx_word' id='word_1_108' title='bbox 704 1646 930 1730; x_wconf 79' lang='lat' dir='ltr'><strong>philosophiae</strong></span> <span class='ocrx_word' id='word_1_109' title='bbox 952 1650 1158 1734; x_wconf 83' lang='lat' dir='ltr'><strong>scriptiones,</strong></span> 
     </span>
     <span class='ocr_line' id='line_1_18' title="bbox 154 1735 1156 1821; baseline 0.001 -20"><span class='ocrx_word' id='word_1_110' title='bbox 154 1757 265 1801; x_wconf 79' lang='lat' dir='ltr'><strong>verum</strong></span> <span class='ocrx_word' id='word_1_111' title='bbox 289 1736 385 1800; x_wconf 85' lang='lat' dir='ltr'><strong>etiam</strong></span> <span class='ocrx_word' id='word_1_112' title='bbox 408 1735 557 1800; x_wconf 87' lang='lat' dir='ltr'><strong>lacessiti.</strong></span> <span class='ocrx_word' id='word_1_113' title='bbox 606 1735 645 1798; x_wconf 91' lang='lat' dir='ltr'><strong>In</strong></span> <span class='ocrx_word' id='word_1_114' title='bbox 672 1757 734 1818; x_wconf 92' lang='lat' dir='ltr'><strong>quo</strong></span> <span class='ocrx_word' id='word_1_115' title='bbox 762 1738 917 1819; x_wconf 85' lang='lat' dir='ltr'><strong>quantum</strong></span> <span class='ocrx_word' id='word_1_116' title='bbox 941 1739 1063 1802; x_wconf 84' lang='lat' dir='ltr'><strong>ceteris</strong></span> <span class='ocrx_word' id='word_1_117' title='bbox 1085 1760 1156 1821; x_wconf 90' lang='lat' dir='ltr'><strong>pro·</strong></span> 
     </span>
     <span class='ocr_line' id='line_1_19' title="bbox 153 1823 1157 1905; baseline 0.001 -18"><span class='ocrx_word' id='word_1_118' title='bbox 153 1824 255 1888; x_wconf 89' lang='lat' dir='ltr'><strong>futuri</strong></span> <span class='ocrx_word' id='word_1_119' title='bbox 274 1824 386 1903; x_wconf 91' lang='lat' dir='ltr'><strong>simus,</strong></span> <span class='ocrx_word' id='word_1_120' title='bbox 408 1844 475 1888; x_wconf 92' lang='lat' dir='ltr'><strong>non</strong></span> <span class='ocrx_word' id='word_1_121' title='bbox 496 1823 591 1887; x_wconf 84' lang='lat' dir='ltr'><strong>facile</strong></span> <span class='ocrx_word' id='word_1_122' title='bbox 609 1823 755 1905; x_wconf 87' lang='lat' dir='ltr'><strong>dixerim,</strong></span> <span class='ocrx_word' id='word_1_123' title='bbox 776 1823 896 1887; x_wconf 83' lang='lat' dir='ltr'><strong>nostris</strong></span> <span class='ocrx_word' id='word_1_124' title='bbox 918 1823 1054 1905; x_wconf 89' lang='lat' dir='ltr'><strong>quidem</strong></span> <span class='ocrx_word' id='word_1_125' title='bbox 1073 1847 1157 1890; x_wconf 86' lang='lat' dir='ltr'><strong>acer·</strong></span> 
     </span>
     <span class='ocr_line' id='line_1_20' title="bbox 154 1910 1155 1995; baseline 0.006 -22"><span class='ocrx_word' id='word_1_126' title='bbox 154 1910 296 1974; x_wconf 91' lang='lat' dir='ltr'><strong>bissimis</strong></span> <span class='ocrx_word' id='word_1_127' title='bbox 327 1910 489 1974; x_wconf 89' lang='lat' dir='ltr'><strong>doloribus</strong></span> <span class='ocrx_word' id='word_1_128' title='bbox 521 1910 681 1994; x_wconf 86' lang='lat' dir='ltr'><strong>variisque</strong></span> <span class='ocrx_word' id='word_1_129' title='bbox 718 1914 751 1974; x_wconf 88' lang='lat' dir='ltr'><strong>et</strong></span> <span class='ocrx_word' id='word_1_130' title='bbox 781 1910 919 1995; x_wconf 88' lang='lat' dir='ltr'><strong>undique</strong></span> <span class='ocrx_word' id='word_1_131' title='bbox 951 1910 1155 1978; x_wconf 80' lang='lat' dir='ltr'><strong>circumfusis</strong></span> 
     </span>
     <span class='ocr_line' id='line_1_21' title="bbox 155 1997 952 2081; baseline 0.004 -21"><span class='ocrx_word' id='word_1_132' title='bbox 155 1998 311 2062; x_wconf 89' lang='lat' dir='ltr'><strong>molestiis</strong></span> <span class='ocrx_word' id='word_1_133' title='bbox 334 1997 398 2061; x_wconf 89' lang='lat' dir='ltr'><strong>alia</strong></span> <span class='ocrx_word' id='word_1_134' title='bbox 420 1997 511 2061; x_wconf 83' lang='lat' dir='ltr'><strong>nulla</strong></span> <span class='ocrx_word' id='word_1_135' title='bbox 532 1998 639 2081; x_wconf 88' lang='lat' dir='ltr'><strong>potuit</strong></span> <span class='ocrx_word' id='word_1_136' title='bbox 661 1998 798 2063; x_wconf 82' lang='lat' dir='ltr'><strong>inveniri</strong></span> <span class='ocrx_word' id='word_1_137' title='bbox 822 1997 952 2063; x_wconf 85' lang='lat' dir='ltr'><strong>levatio.</strong></span> 
     </span>
    </p>
   </div>
   <div class='ocr_carea' id='block_1_4' title="bbox 0 0 1222 3840">
    <p class='ocr_par' dir='ltr' id='par_1_6' title="bbox 0 0 1222 3840">
     <span class='ocr_line' id='line_1_22' title="bbox 0 0 1222 3840; baseline 0 0"><span class='ocrx_word' id='word_1_138' title='bbox 0 0 1222 3840; x_wconf 95' lang='lat' dir='ltr'><strong> </strong></span> 
     </span>
    </p>
   </div>
  </div>
 </body>
</html>
