2476 3848
551 101 790 224 qm-

173 346 258 406 eum,
279 324 335 408 qui
356 323 530 388 haberetur
552 343 700 387 maxumo
723 321 872 386 ludorum
895 326 1052 405 apparatu
1073 323 1184 389 totius

173 410 326 476 Graeciae
348 412 548 491 celebritate3
571 433 645 474 nam
665 413 702 474 ut
718 409 787 474 illio
805 409 863 473 alii
881 411 1070 493 corporibus
1090 432 1184 477 exer·

172 500 279 564 citatis
304 499 444 584 gloriam
472 503 505 564 et
531 498 735 567 nobilitatem
764 518 900 562 coronae
927 500 1087 582 peterent,
1120 499 1184 566 alii

173 587 296 652 emendi
314 591 371 652 aut
388 587 545 651 vendendi
562 589 699 670 quaestu
715 589 749 650 et
766 587 854 650 lucro
874 585 1073 669 ducerentur,
1092 592 1186 654 esset

172 679 279 740 autem
308 675 469 758 quoddam
495 695 596 760 genus
619 694 742 756 eorum,
769 673 865 757 idque
893 673 945 738 rel
967 673 1108 739 maxime
1132 677 1183 742 in·

171 784 325 848 genuum,
349 763 404 847 qui
420 785 479 827 nec
500 761 650 844 plausum
668 781 728 825 neo
750 761 875 826 lucrum
899 766 1100 847 quaererent,
1123 765 1184 829 sed

172 851 295 916 visendi
318 872 416 914 causa
437 850 583 913 venirent
610 849 815 933 studioseque
842 850 1074 933 perspicerent,
1101 853 1182 935 quid

173 943 322 1023 ageretur
350 941 383 1002 et
409 959 471 1021 quo
499 937 607 1020 modo,
636 937 714 1001 item
742 958 802 1002 nos
830 939 923 1021 quasi
948 938 984 1002 in
1014 943 1182 1005 mercatus

172 1027 331 1111 quandam
364 1025 586 1089 celebritatem
619 1046 656 1088 ex
692 1025 771 1090 urbe
807 1026 915 1109 aliqua
950 1027 995 1092 sio
1029 1026 1063 1090 in
1096 1028 1183 1094 hanc

171 1114 272 1177 vitam
299 1135 339 1177 ex
367 1114 432 1178 alia
458 1113 526 1178 vita
555 1116 588 1177 et
613 1116 729 1176 natura
755 1113 917 1195 profectos
945 1115 1027 1179 alios
1055 1116 1182 1199 gloriae

172 1202 300 1279 servire,
319 1201 401 1266 alios
420 1201 586 1284 peouniae3
605 1222 697 1265 raros
717 1222 786 1265 esse
805 1200 971 1285 quosdam,
990 1203 1045 1287 qui
1062 1204 1180 1271 ceteris

172 1289 319 1355 omnibus
348 1312 406 1372 pro
436 1289 538 1354 nihilo
568 1289 690 1354 habitis
718 1310 825 1352 rerum
853 1292 1004 1353 naturam
1035 1291 1181 1357 studiose

170 1378 384 1461 intuerentur3
414 1377 474 1442 hos
498 1399 532 1442 00
557 1377 719 1461 appellare
742 1376 921 1460 sapientiae
945 1378 1107 1444 studiosos
1131 1377 1180 1466 (id

172 1468 222 1530 est
240 1466 325 1530 enim
348 1464 588 1550 philosophos);
613 1468 646 1529 et
662 1467 700 1528 ut
721 1465 789 1529 11110
811 1464 1073 1530 liberalissimum
1092 1472 1180 1533 esset

172 1557 317 1637 spectare
348 1553 431 1618 nihil
464 1553 526 1618 sibi
559 1552 793 1636 adquirentem,
829 1551 876 1617 sic
911 1553 946 1616 in
981 1553 1049 1617 vita
1080 1555 1179 1640 longe

172 1642 319 1706 omnibus
344 1641 457 1705 studiis
485 1641 791 1724 contemplationem
813 1661 921 1704 rerum
948 1641 1180 1726 cognitionem-

124 1799 147 1861 4
172 1734 623 1900 quelilddeddidel’ytbagoras
646 1816 786 1880 nominis
810 1817 914 1882 solum
936 1817 1100 1902 inventor,
1122 1820 1180 1884 sed

120 1874 152 1923 10
171 1926 277 1967 rerum
301 1905 400 1968 etiam
422 1905 564 1987 ipsarum
584 1904 796 1987 amplificator
819 1904 890 1969 fuit.
927 1904 1081 1979 Quicum
1101 1911 1180 1989 post

171 1991 257 2054 hunc
270 1991 449 2054 Phliasium
464 2012 643 2055 sermonem
656 1991 692 2054 in
702 1991 834 2056 Italiam
847 1993 996 2077 venisset,
1010 1994 1180 2059 exornavit

172 2099 243 2141 eam
267 2075 446 2160 Graeciam,
469 2099 549 2161 quae
572 2099 691 2163 magna
714 2078 801 2144 dicta
824 2084 885 2158 est,
914 2085 946 2145 et
968 2081 1121 2164 privatim
1145 2086 1180 2148 et

170 2164 298 2247 publice
321 2166 608 2248 praestantissimis
628 2170 659 2230 et
677 2167 835 2232 institutis
855 2172 887 2232 et
909 2169 1042 2234 artibus.
1078 2168 1178 2236 Ouios

172 2253 210 2317 de
233 2251 405 2336 disciplina
423 2253 510 2318 aliud
531 2258 657 2338 tempus
675 2254 776 2321 fuerit
793 2256 930 2320 fortasse
954 2257 1089 2321 dicendi.
1115 2255 1178 2324 Sed

172 2341 212 2404 ab
233 2340 366 2425 antiqua
384 2341 589 2425 philosophia
607 2364 708 2426 usque
728 2343 769 2409 ad
787 2341 960 2426 Socratem,
982 2344 1038 2428 qui
1055 2343 1178 2410 Arche-

171 2430 270 2513 laum,
288 2429 501 2514 Anaxagorae
519 2429 720 2514 disoipulum,
740 2431 892 2514 audierat,
910 2432 1035 2496 numeri
1055 2437 1178 2498 motus·

170 2539 232 2602 que
253 2518 490 2600 tractabantur,
513 2521 547 2581 et
568 2518 651 2582 unde
675 2520 782 2584 omnia
805 2524 972 2584 orerentur
1001 2541 1105 2603 quove
1127 2543 1178 2586 re-

171 2607 327 2687 ciderent,
365 2605 569 2688 studioseque
602 2607 643 2670 ab
680 2607 720 2670 iis
758 2605 897 2670 siderum
929 2607 1179 2694 magnitudines,

171 2695 355 2777 intervalla,
383 2714 493 2757 cursus
522 2694 772 2777 anquirebantur
804 2697 836 2758 et
868 2698 985 2759 cuncta
1016 2696 1180 2762 caelestia.

171 2781 319 2846 Socrates
338 2785 444 2846 autem
463 2781 586 2865 primus
604 2781 845 2865 philosophiam
863 2782 1033 2847 devocavit
1050 2805 1068 2848 0
1087 2785 1178 2848 00010

171 2874 204 2934 01
225 2871 259 2934 111
282 2870 416 2934 urbibus
436 2869 618 2934 conlocavit
637 2872 668 2933 01
689 2870 723 2933 111
744 2869 858 2933 domus
878 2870 976 2933 etiam
997 2871 1179 2936 introduxit

172 2962 204 3022 et
226 2959 332 3044 coligit
354 2959 392 3022 de
414 2959 482 3022 vita
505 2960 537 3021 et
559 2957 702 3020 moribus
725 2957 882 3041 rebusque
905 2957 999 3022 bonis
1025 2962 1059 3023 01
1080 2960 1178 3024 malis

119 3061 150 3110 11
173 3067 333 3128 quaerere.
379 3044 477 3121 Cuius
501 3044 668 3126 multiplex
690 3044 774 3109 ratio
800 3044 985 3127 disputandi
1007 3067 1179 3131 rerumque

171 3133 310 3196 varietas
343 3134 375 3193 et
406 3131 527 3216 ingenii
560 3131 748 3215 magnitudo
780 3131 927 3198 Platonis
960 3135 1116 3200 memoria
1144 3140 1182 3200 et

171 3218 288 3287 litteris
312 3221 497 3283 consecrata
519 3220 613 3302 plura
639 3239 756 3303 genera
784 3219 890 3284 effecit
918 3220 1180 3289 dissentientium

170 3305 451 3392 philosophorum,
474 3329 491 3370 e
514 3307 629 3390 quibus
648 3329 707 3371 nos
730 3306 763 3370 id
786 3307 993 3390 potissimum
1011 3313 1179 3377 consecuti

171 3417 292 3478 sumus,
316 3414 378 3478 quo
398 3391 562 3459 Socratem
584 3416 677 3459 usum
696 3394 948 3480 arbitrabamur,
970 3400 1009 3460 ut
1030 3402 1180 3463 nostram

170 3486 232 3570 ipsi
256 3480 448 3548 sententiam
471 3486 665 3567 tegeremus,
692 3504 799 3547 errore
829 3483 910 3549 alios
937 3485 1117 3553 levaremus
1144 3491 1181 3553 et
