2476 3848
503 203 741 268 -397-

117 363 147 428 si
165 367 258 428 vacet
279 364 398 448 populo
417 385 521 448 neque
543 363 691 449 plausum
710 368 844 449 captans
864 388 899 430 se
922 368 1030 430 tamen
1048 367 1119 450 ipsa
1193 369 1194 372 ’

117 453 261 517 delectet
298 450 382 528 Quin
405 453 502 516 etiam
520 451 603 516 milri
625 452 752 536 quidem
775 452 990 519 laudabiliora
1011 453 1118 519 viden·

117 544 172 604 tur
190 538 310 623 omnia,
332 561 413 624 quae
433 541 503 605 sine
520 539 737 605 venditatione
756 545 789 605 et
807 541 876 606 sine
897 541 1017 625 populo
1032 545 1119 618 teste

117 629 211 709 fiunt,
237 649 302 693 non
324 649 387 711 quo
409 627 579 714 fugiemus
603 628 646 692 sit
667 626 790 713 (omnia
820 629 905 693 enim
927 629 1008 693 bene
1030 629 1119 695 facta

118 717 152 779 in
174 716 244 780 luce
266 738 301 781 se
324 716 486 783 conlocari
508 715 647 819 volunt),
675 717 730 781 sed
751 721 862 782 tamen
883 717 1007 782 nullum
1029 717 1119 783 thea-

117 807 205 868 trum
227 804 341 869 virtuti
364 804 558 869 conscientia
580 804 684 869 maius
706 808 764 870 est.

184 890 319 974 Atque
309 914 343 957 ιιι
361 893 475 977 primis
493 893 684 957 meditemur
700 893 789 972 illud,
808 896 846 956 ιιι
862 893 943 958 haec
961 893 1119 977 patientia
1130 854 1172 982 ξι

119 980 279 1062 dolorum,
309 1003 405 1064 quam
430 1000 525 1081 saepe
547 981 613 1044 iam
636 981 736 1045 animi
758 943 938 1046 iritentione
961 981 1028 1046 dixi
1051 1003 1119 1046 esse

118 1068 357 1148 ιίιιιιιιιιιιιιιι,Ι
348 1091 382 1132 ιιι
409 1068 496 1132 omni
523 1088 638 1169 genere
665 1090 699 1132 se
727 1069 930 1221 aequabilem
959 1070 1120 1153 praebeat

118 1155 220 1238 Saepe
248 1157 332 1219 enim
359 1156 466 1239 multi,
493 1157 548 1239 qui
576 1159 631 1219 aut
657 1160 790 1240 propter
818 1158 883 1221 vict
885 1156 971 1222 oriae
1002 1157 1121 1241 cupidi·

48 1307 50 1310 ⁴
117 1247 218 1307 tatem
241 1247 297 1306 aut
318 1246 449 1327 propter
472 1243 593 1327 gloriae
617 1247 673 1307 aut
696 1244 809 1328 etiam,
837 1249 874 1308 ut
896 1246 946 1310 ius
970 1268 1063 1309 suum
1088 1250 1121 1310 et

118 1331 301 1395 libertatem
332 1333 492 1412 tenerent,
527 1331 659 1395 volnera
696 1336 889 1415 exceperunt
924 1333 1052 1398 fortiter
1088 1339 1122 1398 et

117 1420 276 1500 tulerunt,
313 1418 410 1483 iidem
442 1419 563 1483 omissa
593 1420 798 1484 contentione
835 1418 979 1484 dolorem
1015 1421 1121 1485 morbi

117 1508 201 1571 ferre
232 1529 299 1571 non
329 1509 479 1590 possunt3
511 1527 614 1590 neque
645 1507 732 1570 enirn
763 1507 868 1590 illum,
900 1529 995 1592 quem
1027 1508 1120 1573 facile

118 1596 273 1678 tulerant,
305 1594 429 1660 ratione
462 1597 518 1658 aut
550 1594 709 1678 sapientia
740 1593 894 1677 tulerant,
927 1594 983 1659 sed
1015 1595 1120 1660 studio

118 1685 227 1765 potius
252 1686 285 1746 et
306 1683 418 1768 gloria
462 1681 577 1766 Itaque
603 1682 734 1747 barbari
761 1681 891 1765 quidam
914 1686 947 1746 et
975 1683 1120 1749 inmanes

118 1771 204 1837 ferro
231 1771 393 1836 decertare
420 1792 582 1835 acerrume
612 1773 760 1853 possunt,
792 1773 958 1855 aegrotare
984 1771 1085 1835 ιιιιιιι
1071 1776 1122 1835 ter

118 1881 184 1924 non
211 1863 340 1943 queunt.
317 1858 505 1924 tGraeci
532 1861 640 1923 autem
666 1858 827 1935 homines,
856 1879 922 1922 non
952 1859 1030 1922 satis
1054 1859 1120 1922 ani-

119 1947 202 2011 mosi
206 1947 413 2030 „prudentes
430 1949 535 2011 ιιιι
486 1951 535 2011 est
553 1950 627 2031 capt
628 1968 665 2011 us
612 1907 864 2024 thominuin,
886 1945 975 2030 satis,
992 1946 1120 2013 hostem

120 2035 261 2117 aspicere
284 2056 350 2098 non
372 2039 523 2118 possunt,
549 2034 650 2099 eidem
674 2035 804 2100 morbos
826 2034 1003 2100 toleranter
1025 2039 1121 2118 atque

119 2121 257 2183 humane
288 2122 404 2186 ferunt.
454 2121 499 2185 At
526 2120 708 2188 cimbris
676 2125 708 2186 et
739 2120 935 2188 Celtiberi·
926 2146 960 2188 m
988 2123 1121 2206 proeliis

119 2208 279 2288 exultant,
306 2209 560 2273 lamentantur
550 2232 585 2274 ιιι
611 2210 732 2274 morbo.
781 2209 873 2275 Nihil
901 2211 985 2275 enim
1013 2214 1122 2295 potest

119 2316 189 2359 esse
214 2294 395 2377 aequabile,
418 2295 502 2380 quod
520 2317 586 2360 non
605 2320 624 2361 a
642 2301 730 2362 certa
746 2300 872 2363 ratione
890 2299 1121 2399 proficiscatur.

120 2381 182 2446 sed
205 2404 277 2446 cum
300 2381 408 2446 videas
431 2403 500 2464 eos,
531 2384 585 2466 qui
609 2388 665 2447 aut
688 2385 792 2448 studio
816 2388 872 2449 aut
894 2385 1043 2468 opinione
1066 2385 1121 2449 du·
1139 2405 1174 2455 es

120 2470 287 2553 cantur,
277 2492 311 2533 m
343 2490 381 2534 eo
412 2469 628 2553 persequendo
656 2475 751 2555 atque
779 2471 982 2554 adipiscendo
1010 2471 1121 2536 dolore

119 2581 184 2624 non
213 2558 332 2644 frangi,
359 2557 476 2634 debeas
506 2558 688 2622 existimare
716 2563 772 2623 aut
803 2580 868 2623 non
900 2581 969 2624 esse
999 2559 1119 2623 malum

120 2647 262 2713 dolorem
295 2652 363 2730 aut,
395 2646 536 2729 etiamsi,
567 2645 718 2729 quicquid
746 2667 892 2727 asperum
921 2646 1121 2729 alienumque

119 2742 235 2800 natura
253 2736 305 2818 sit,
322 2734 355 2799 id
374 2734 530 2819 appellari
548 2735 675 2817 placeat
688 2733 819 2817 malum,
837 2735 997 2798 tantulum
1011 2737 1121 2799 tamen

120 2844 203 2906 esse,
225 2827 262 2887 ut
286 2846 305 2886 a
327 2823 445 2888 virtute
467 2823 514 2886 ita
536 2822 704 2905 obruatur,
726 2824 939 2906 utnusquam
957 2825 1121 2907 appareat.

120 2909 208 2983 Quae
235 2911 404 2992 meditare,
431 2932 561 3011 quaeso,
587 2910 712 2975 dieset
734 2913 855 2975 noctes.
899 2909 1011 2975 Latius
1035 2911 1120 2975 enim

119 2997 265 3061 manabit
286 2996 435 3062 haect
384 3002 435 3062 rat
436 2999 467 3062 io
487 3002 519 3062 et
537 2999 703 3082 aliquanto
727 2999 881 3063 maiorem
901 2998 1006 3062 locum
1024 3020 1121 3082 quam

119 3084 158 3147 de
185 3104 248 3149 uno
276 3084 386 3151 dolore
413 3085 589 3169 occupabit
641 3085 727 3151 Nam
759 3087 787 3151 si
814 3085 923 3151 omnia
950 3085 1121 3172 fugiendae

118 3171 329 3256 turpitudinis
348 3173 630 3257 adipiscendaeque
648 3174 828 3239 honestatis
842 3159 940 3240 causa
956 3173 1120 3259 faciemus,

118 3282 184 3324 non
211 3261 306 3326 modo
335 3260 483 3325 stimulos
511 3261 645 3344 doloris,
677 3263 796 3327 sedt
764 3263 861 3327 etiam
891 3263 1028 3329 fulmina
1056 3263 1120 3329 for·
1235 3318 1237 3323 .

118 3350 217 3412 tunae
243 3351 483 3415 contemnamus
510 3348 633 3432 licebit,
663 3350 853 3433 praesertim
876 3371 948 3415 cum
971 3355 1120 3435 paratum

119 3437 163 3500 sit
181 3436 261 3500 illud
280 3458 318 3500 ex
334 3435 485 3501 hesterna
503 3436 721 3520 disputatione
738 3437 930 3522 perfugium.
961 3437 1007 3504 Ut
1025 3440 1119 3520 enim,
1138 3459 1171 3509 67

119 3522 148 3585 si
174 3524 226 3587 cui
252 3524 433 3609 naviganti,
459 3525 637 3608 praedones
663 3527 693 3592 si
718 3526 940 3610 insequantur,
964 3526 1041 3591 deus
1065 3527 1120 3611 qui
