2476 3848
471 237 511 248 -
558 201 711 267 485-

89 362 283 446 participem
309 359 446 425 rationis
474 361 571 443 atque
599 358 760 423 ordinist
745 361 913 443 tamquam
940 358 994 424 ιιι
1014 381 1090 444 pro-

91 449 237 534 gredient
239 471 291 513 em
318 448 609 530 declarantemque,
640 445 718 530 quid
744 445 897 529 cuiusque
922 445 971 511 rei
993 467 1090 511 causa

90 537 219 620 efficiat,
239 534 315 620 quid
334 538 447 619 sequat
448 556 495 619 ur,
514 534 603 600 ouius
616 532 802 635 sollertiam
813 533 906 598 nulla
919 554 981 616 ars,
998 534 1091 597 nulla

91 645 233 724 manus,
232 644 327 689 nemo
347 621 454 707 opifex
473 621 624 705 consequi
642 620 748 706 possit
764 620 936 702 imitand03
959 620 1090 684 seminis

91 712 176 776 enim
202 711 269 776 vim
297 731 366 775 esse
388 708 659 793 tantam,ut1d,
686 730 882 792 quamquam
905 707 948 772 sit
969 707 1090 791 perexi-

91 819 199 882 guum,
221 802 341 882 tamen,
364 797 393 860 si
413 797 562 862 inciderit
577 797 613 860 in
630 796 863 880 concipientem
877 794 1092 880 conprenden-

90 890 219 968 temque
251 888 403 949 naturem
433 888 650 968 nanctumque
677 883 721 947 sit
743 882 929 967 materiam,
960 904 1023 966 qua
1046 882 1091 947 ali

91 973 264 1057 augerique
286 972 400 1056 possit,
422 971 470 1035 ιιι
491 972 595 1056 fingat
618 973 651 1036 et
673 970 793 1042 efficiat
814 971 849 1035 in
871 991 929 1036 suo
953 969 1091 1054 quidque
1123 1048 1126 1053 ¹

91 1081 221 1145 genere,
253 1059 374 1143 partim
399 1061 437 1122 ut
463 1062 592 1123 tantum
619 1058 717 1123 modo
741 1080 800 1145 per
822 1058 940 1143 stirpes
963 1059 1092 1123 alantur

92 1169 181 1229 suas,
207 1147 328 1231 partim
354 1149 392 1210 ut
418 1146 541 1211 moveri
564 1145 662 1211 etiam
685 1148 718 1211 et
741 1146 861 1211 sentire
884 1149 918 1211 ιι
940 1148 1091 1230 appetere

90 1234 219 1334 possint
246 1236 279 1297 et
306 1255 344 1297 ex
372 1254 441 1297 sese
469 1232 589 1297 similia
611 1233 662 1297 sui
684 1232 826 1316 gignere.
870 1231 953 1297 Sunt
975 1237 1091 1333 antem,
1110 1247 1144 1296 82

92 1322 147 1405 qui
170 1320 278 1386 omnia
300 1323 437 1385 naturae
453 1320 583 1385 nomine
602 1320 776 1403 appellent,
797 1341 820 1384 u
820 1319 1017 1404 tEpicurus,
1037 1321 1092 1403 qui

91 1410 139 1473 ita
162 1408 288 1473 dividit·
314 1407 466 1490 omnium,
490 1428 571 1491 quae
594 1407 669 1490 sint,
690 1409 842 1472 naturam
865 1427 934 1471 esse
957 1427 1093 1490 corpora

93 1495 157 1560 ιι
148 1516 251 1580 mane,
275 1516 419 1578 quaeque
441 1493 494 1558 his
517 1493 671 1559 accidant.
707 1490 769 1558 Sed
788 1514 849 1558 nos
867 1514 940 1559 cum
958 1493 1094 1558 dicimus

91 1586 209 1648 natura
231 1585 379 1647 constare
402 1581 684 1665 administrarique
705 1581 869 1664 mundum,
891 1581 1026 1645 nonita
1048 1581 1093 1644 di·

93 1671 247 1754 cimuS,u
225 1669 431 1754 utglaebam
449 1673 506 1734 aut
522 1669 741 1752 fragmentum
759 1668 877 1752 lapidis
897 1671 953 1733 aut
972 1669 1093 1752 aliquid

93 1759 161 1822 eius
188 1757 277 1823 modi
301 1757 395 1821 nulla
421 1756 612 1821 cohaerendi
637 1758 767 1841 natura,
798 1756 855 1820 sed
875 1759 913 1820 ιιι
935 1756 1093 1839 arborem,

92 1850 129 1909 ut
148 1824 309 1928 animal,
299 1867 335 1909 m
353 1845 469 1928 quibus
487 1844 578 1908 nulla
595 1843 772 1927 temeritas,
790 1843 847 1908 sed
865 1843 943 1908 ordo
958 1846 1094 1930 apparet

93 1937 126 1998 ιι
149 1933 229 1998 artis
253 1932 410 2016 quaedam
433 1931 619 1996 similitude.
1103 1983 1145 2048 33

159 2019 281 2094 Quodsi
303 2041 369 2171 ea,t
373 2041 454 2103 quae
472 2022 597 2084 eterra
615 2018 771 2102 stirpibus
785 2018 1000 2103 eontinentur,
1023 2021 1093 2085 arte
1112 2061 1146 2111 83

91 2111 227 2172 naturae
256 2107 369 2172 vivunt
399 2110 431 2171 et
458 2106 582 2191 vigent,
610 2106 788 2190 profecto
778 2128 850 2192 rpsa
871 2110 960 2172 terra
982 2107 1093 2172 eadem

93 2195 126 2258 vi
155 2194 339 2259 continetur
369 2196 452 2274 [arte
478 2196 641 2277 naturae],
673 2193 791 2278 quippe
820 2216 902 2279 quae
924 2194 1094 2282 gravidata

93 2281 270 2344 seminibus
302 2281 410 2346 omnia
440 2281 548 2366 pariat
580 2284 613 2346 et
642 2280 758 2346 fundat
790 2303 828 2347 ex
859 2303 943 2384 seusa,
976 2283 1093 2367 stirpes

93 2367 333 2467 amplexat
265 2367 333 2432 alat
355 2370 389 2432 ιι
411 2369 560 2520 augeat
550 2389 686 2454 ipsaque
708 2369 815 2434 alatur
837 2369 979 2435 vicissim
1001 2392 1021 2434 a
1044 2390 1095 2434 su-

92 2456 179 2540 peris
199 2454 402 2539 externisque
418 2456 553 2522 naturis.
588 2455 804 2540 Eiusdemqne
823 2456 1094 2541 exspirationibus

94 2546 126 2607 et
150 2548 204 2607 air
228 2543 327 2607 alitur
349 2547 382 2607 et
405 2544 516 2608 aether
535 2547 572 2609 ¹et
590 2544 698 2609 omnia
716 2565 840 2628 supera.
875 2543 937 2628 Ita,
959 2543 988 2608 si
1005 2547 1095 2608 terra

92 2634 210 2696 natura
227 2633 356 2695 tenetur
374 2634 408 2696 ιι
424 2631 523 2716 viget,
546 2632 657 2697 eadem
674 2631 760 2697 ratio
777 2631 813 2695 in
831 2631 955 2715 reliquo
974 2631 1094 2697 mundo

94 2722 156 2801 est3
184 2718 301 2803 stirpes
329 2717 413 2783 enim
440 2722 546 2784 terrae
572 2719 755 2803 inhaerent3
782 2717 963 2783 animantes
987 2722 1095 2784 autem

94 2806 312 2890 adspiratione
339 2806 423 2870 atris
451 2806 663 2889 sustinentur,
689 2807 822 2891 ipseque
849 2810 905 2871 adr
926 2806 1095 2871 nobiscum

93 2830 193 2976 vidept,
224 2893 392 2958 nobiscum
424 2892 527 2977 audit,
558 2893 727 2958 nobiscum
760 2896 865 2976 sonat,
839 2893 981 2957 tnihil
1009 2893 1095 2958 enim

94 3002 204 3044 eorum
231 2980 300 3044 sine
327 3000 365 3044 ιο
391 2980 462 3045 fieri
488 2943 611 3065 pdtest3
638 2981 760 3065 quine
743 2980 842 3046 etiam
869 2984 1018 3047 movetur
1038 3001 1095 3045 no-

93 3067 231 3150 biscum,
255 3088 454 3151 quacumque
477 3068 563 3132 enim
585 3068 678 3152 imus,
701 3090 901 3152 quacumque
920 3090 1094 3154 movemur,

92 3155 180 3220 videt
181 3177 220 3219 ur
242 3154 335 3238 quasi
356 3156 465 3220 locum
488 3155 563 3220 dare
586 3158 619 3220 et
641 3155 760 3221 cedere.
801 3153 984 3241 Quaeque
974 3179 1009 3221 m
1030 3178 1095 3222 me·
1113 3169 1147 3219 84

94 3243 182 3343 dium
204 3242 312 3306 locum
334 3242 454 3326 mundi,
478 3243 533 3326 qui
556 3247 606 3308 est
627 3243 767 3328 infimus,
790 3247 823 3309 et
846 3266 927 3346 quae
951 3245 1094 3310 emedio

92 3351 306 3414 msuperum
330 3350 474 3413 quaeque
497 3331 704 3396 conversione
726 3331 915 3397 rotunda
888 3353 1009 3397 circum
1031 3354 1095 3397 me-

94 3417 183 3482 dium
204 3417 361 3501 feruntur,
384 3438 422 3481 ea
445 3418 664 3483 continentem
686 3419 797 3483 mnndi
819 3418 963 3485 efficiunt
985 3439 1095 3483 unam·

94 3527 155 3589 que
172 3508 332 3572 naturam.
368 3502 504 3570 Etcum
522 3508 676 3590 quattuor
694 3526 812 3592 genera
830 3506 897 3571 sint
914 3527 1094 3592 corporum,
1173 3570 1182 3581 „
