2476 3848
432 176 717 241 ·-527-

94 347 154 411 que
186 329 285 394 variis
318 327 359 393 ab
391 330 507 395 ultima
538 331 729 415 antiquitate
764 333 910 415 repetitis
947 333 1010 397 tria
1043 333 1097 396 vix

94 415 270 481 amicorum
292 416 385 499 paria
405 417 622 502 reperiuntur,
643 422 680 483 ut
665 420 743 484 tad
761 419 906 485 Orestem
928 420 1095 521 pervenias

93 502 257 585 profectus
280 526 300 568 a
322 503 457 570 Theseo.
500 505 547 571 At
532 509 644 571 tuero
666 505 825 590 Epicurus
848 529 913 571 una
934 508 970 572 in
992 506 1096 609 domo,

94 592 128 654 et
140 611 179 654 ea
196 591 326 674 quidem
344 596 491 678 angusta,
510 615 607 677 quarn
625 604 761 697 magnos
778 599 958 697 quantaque
976 594 1096 658 amoris

95 678 332 762 conspiratione
361 681 599 746 consentientes
626 682 731 747 tenuit
761 682 937 746 amicorum
968 683 1095 766 greges!

94 763 186 840 Quod
207 767 245 830 fit
267 767 366 832 ctiam
387 789 472 833 nunc
491 768 532 833 ab
550 768 728 852 Epicureis.
766 768 828 834 Sed
845 770 887 834 ad
904 791 973 833 rem
990 770 1096 834 redea-

93 874 178 937 mus3
196 854 235 918 de
253 854 438 920 hominibus
457 855 520 920 dici
536 877 603 921 non
622 878 751 922 necesse
769 860 826 922 est.
804 857 976 921 t'l'ribus
995 857 1095 941 igitur
1114 876 1147 926 66

93 904 197 1005 modis
230 941 323 1008 video
355 965 425 1008 esse
453 965 473 1007 a
498 945 620 1009 nostris
650 944 688 1009 (11
716 945 858 1009 amicitia
887 945 1094 1027 disputatum.

93 1028 161 1092 Alii
189 1051 261 1093 cum
289 1050 343 1094 eas
370 1032 566 1116 voluptates,
589 1053 669 1116 quac
688 1033 729 1096 ad
749 1033 869 1097 amicos
892 1032 1095 1116 pertinerent,

92 1122 250 1198 negarent
281 1139 352 1182 esse
385 1140 443 1201 per
474 1139 508 1182 11
539 1118 632 1201 ipsas
658 1122 727 1184 tam
758 1120 963 1203 expetendas,
999 1141 1096 1203 quam
1163 1167 1165 1172 -

92 1206 222 1267 nostras
258 1209 490 1288 expeteremus,
530 1228 592 1289 quo
632 1207 704 1270 loco
743 1206 869 1271 videtur
904 1207 1095 1291 quibusdam

93 1291 255 1356 stabilitas
269 1292 428 1356 amicitiae
442 1292 605 1374 vacillare,
622 1294 752 1356 tuentur
769 1296 880 1358 tamen
897 1315 969 1357 eum
987 1294 1095 1358 locum

93 1399 190 1462 seque
216 1379 324 1463 facile,
355 1383 392 1442 ut
423 1378 502 1442 mihi
529 1379 667 1462 videtur,
699 1379 877 1461 expediunt
930 1379 977 1445 Ut
1008 1380 1094 1443 enim

92 1465 241 1548 uirtutes,
273 1465 310 1529 (11
342 1466 457 1548 quibus
489 1468 564 1529 ante
596 1465 716 1530 dictum
748 1469 810 1550 111,
842 1466 888 1530 111
917 1465 1093 1530 amicitiam

92 1555 213 1634 negant
239 1574 334 1635 posse
362 1574 381 1616 a
406 1552 572 1634 voluptate
600 1551 769 1616 discedere.
813 1551 899 1617 Nam
924 1573 996 1616 cum
1019 1553 1092 1616 soli-

92 1640 169 1704 tudo
197 1641 231 1702 et
255 1639 324 1703 vita
350 1639 420 1702 sine
448 1639 559 1703 amicis
587 1639 775 1703 insidiarum
803 1642 836 1702 et
861 1643 966 1704 metus
997 1640 1093 1723 plena

93 1727 149 1809 sit,
186 1725 269 1791 11111
308 1727 381 1809 ipsa
412 1729 522 1791 monet
553 1726 711 1791 amicitias
743 1747 942 1808 comparare,
978 1727 1091 1810 quibus

91 1814 193 1897 partis
213 1814 419 1878 confirmatur
436 1814 561 1878 animus
580 1817 614 1878 et
630 1836 650 1878 a
668 1835 722 1896 spe
735 1813 958 1897 pariendarum
980 1813 1091 1895 volup·

91 1904 198 1966 tatum
225 1901 349 1986 seiungi
376 1924 442 1967 non
466 1904 581 1985 potest.
633 1900 740 1986 Atque
767 1903 803 1964 ut
830 1901 916 1985 odia,
945 1900 1143 1983 1111111167

93 1988 328 2072 despicationes
355 1990 564 2054 adversantur
590 1989 824 2073 voluptatibus,
855 1989 901 2052 sic
931 1987 1092 2052 amicitiae

91 2097 158 2141 non
180 2077 275 2141 modo
297 2077 450 2142 fautrices
472 2077 691 2162 fidelissimae,
721 2076 776 2141 sed
798 2076 895 2141 1111111
918 2076 1091 2140 effectrices

93 2167 169 2227 sunt
194 2164 399 2247 voluptatum
426 2167 494 2228 tam
522 2165 631 2229 amicis
659 2186 757 2250 quam
783 2164 859 2247 sibi3
886 2164 1001 2248 quibus
1026 2186 1092 2229 non

92 2252 197 2315 solum
219 2251 441 2334 praesentibus
464 2251 626 2335 fruuntur,
650 2252 705 2315 sed
728 2252 825 2316 etiam
848 2272 902 2334 spe
925 2252 1092 2336 eriguntur

91 2338 315 2421 consequentis
352 2359 389 2402 ac
423 2339 547 2420 posteri
577 2339 739 2421 temporis.
798 2336 967 2423 Quodquia
1001 2339 1090 2402 nullo

92 2427 186 2490 modo
210 2425 278 2489 sine
301 2425 442 2489 amicitia
463 2425 589 2489 firmam
607 2430 640 2489 ct
656 2429 844 2509 perpetuam
861 2425 1091 2490 iucunditatem

91 2513 177 2577 vitae
203 2516 311 2576 tenere
338 2534 508 2595 possumus
538 2535 642 2598 neque
672 2535 747 2579 1111
779 2513 884 2597 ipsam
915 2512 1090 2577 amicitiam

90 2601 186 2684 tueri,
213 2601 277 2664 nisi
304 2621 403 2684 aeque
430 2600 550 2665 amicos
580 2604 613 2665 et
642 2604 771 2665 nosmet
796 2601 884 2683 ipsos
911 2599 1090 2684 diligamus,

91 2687 209 2751 idcirco
233 2690 266 2751 et
286 2687 348 2752 hoc
369 2688 477 2770 ipsum
500 2687 638 2753 efficitur
659 2689 694 2752 in
717 2688 871 2766 amicitia,
894 2691 928 2752 et
948 2686 1091 2751 amicitia

91 2795 163 2838 111111
183 2775 348 2857 voluptate
366 2778 477 2839 conect
463 2775 551 2839 titur.
585 2774 722 2840 Namt
690 2779 722 2840 et
740 2776 898 2839 laetamur
916 2775 1090 2851 amicorum

90 2861 216 2924 laetitia
248 2883 348 2946 aeque
382 2865 477 2946 atquc
508 2865 620 2927 nostra
652 2866 685 2926 et
714 2864 800 2946 parit
802 2884 836 2926 er
786 2863 1005 2928 tdolemus
1036 2883 1090 2926 an·

90 2947 230 3030 goribus.
275 2947 430 3023 Quocirca
456 2950 567 3014 eodem
589 2949 686 3014 modo
716 2951 842 3034 sapiens
870 2950 932 3014 1111
958 2951 1141 3018 1111111111

90 3054 167 3116 erga
203 3033 355 3118 amicum,
393 3057 456 3119 quo
492 3037 527 3101 111
563 3058 596 3101 11
633 3038 752 3121 ipsum,
788 3058 931 3122 quosque
962 3037 1090 3101 labores

89 3124 222 3204 propter
245 3142 336 3184 suam
359 3123 558 3205 voluptatem
580 3124 768 3207 susciperet,
792 3125 920 3189 eosdem
938 3125 1092 3208 suscipiet

89 3212 220 3292 propter
256 3208 351 3272 amici
388 3209 539 3292 voluptat
539 3231 598 3276 em.
657 3210 807 3294 Quaeque
842 3212 881 3276 de
917 3213 1017 3278 virtut
1018 3214 1090 3277 ibus

90 3296 176 3360 dicta
199 3299 285 3379 sunt,
308 3317 402 3380 quem
425 3296 618 3361 admodum
644 3319 699 3361 eae
722 3320 848 3382 semper
870 3299 1028 3385 volupta‘

89 3385 299 3467 inhaererent,
317 3383 428 3449 eadem
447 3384 644 3449 deamicitia
663 3384 795 3451 dicenda
813 3390 895 3452 sunt.
922 3387 949 3452 P

90 3473 175 3537 enim
197 3471 354 3557 Epicurus
381 3472 433 3537 his
460 3493 561 3555 paene
588 3473 707 3538 verbis:
741 3473 925 3559 ‘Eadem',
950 3303 1032 3615 ιθ
