2476 3848
481 171 723 238 -541-

97 331 233 417 regium,
255 330 289 395 id
312 334 362 395 est
383 333 527 415 patrium
549 332 720 398 consilium
742 332 863 417 populo
885 333 966 398 bene
989 354 1100 400 consu·

97 419 234 484 lentium
256 418 448 503 principum.
485 417 543 484 Sin
564 441 622 505 per
645 442 679 485 se
701 420 840 505 populus
862 420 1025 486 interfecit
1043 424 1100 487 aut

98 507 192 572 eiecit
209 510 392 591 tyrannum,
416 510 467 572 est
484 507 690 591 moderatior,
711 507 817 592 quoad
835 509 934 573 sentit
952 512 985 572 et
1005 509 1100 593 sapit,

98 599 131 660 et
160 617 219 659 sua
245 616 280 659 re
303 598 397 680 gesta
419 595 562 660 laetatur
583 595 732 679 tuerique
753 596 824 660 vult
846 617 904 680 per
926 617 960 660 se
983 597 1101 662 consti·

97 687 204 747 tutam
221 703 289 747 rem
307 681 480 766 publicam.
513 679 548 746 Si
565 683 693 766 quando
714 687 769 748 aut
782 684 853 769 regi
865 684 951 749 iusto
965 684 1032 748 vim
1045 706 1101 769 po-

97 771 193 854 pulus
213 768 218 852 Ι
239 769 352 834 attulit
368 791 510 856 regnove
529 791 603 835 eum
622 771 775 854 spoliavit
793 772 974 856 autetiam,
994 775 1033 852 [p.
1049 787 1100 836 243

97 858 131 921 id
150 857 235 940 quod
253 857 360 922 evenit
373 857 511 942 saepius,
530 857 737 943 optimatium
751 860 941 944 sanguinem
956 860 1102 945 gustarit

98 967 136 1011 ac
153 948 259 1010 totam
280 967 350 1010 rem
371 945 537 1029 publicam
560 947 739 1012 substravit
761 947 888 1011 librdrm
911 969 986 1012 suae
1010 946 1101 1031 (cave

97 1036 192 1117 putes
221 1036 329 1098 autem
356 1054 445 1097 mare
471 1033 575 1098 ullum
603 1038 660 1099 aut
686 1034 851 1100 flammam
874 1056 944 1100 esse
965 1038 1101 1118 tantam,

100 1141 198 1203 quam
224 1141 290 1184 non
315 1119 444 1185 facilius
473 1121 517 1185 sit
544 1121 656 1186 sedare
683 1144 780 1205 quam
808 1122 996 1188 effrenatam
1018 1123 1102 1186 inso-

99 1207 201 1272 lentia
222 1206 491 1294 multitudinem),
513 1212 584 1274 tum
606 1209 645 1272 fit
666 1209 757 1292 illud,
780 1211 866 1293 quod
888 1211 973 1294 apud
994 1209 1102 1274 Plato·

98 1316 174 1360 nem
201 1299 251 1360 est
273 1296 434 1361 luculente
458 1296 592 1379 dictum,
621 1296 766 1361 simodo
788 1297 822 1360 id
844 1298 1021 1380 exprimere
1043 1297 1102 1362 La·

99 1383 167 1448 tine
194 1386 344 1468 potuero,
371 1383 502 1449 difficile
523 1383 613 1448 factu
633 1382 638 1466 Ι
658 1386 721 1466 est,
748 1383 804 1447 sed
826 1384 1030 1463 conab0r[p.
1050 1400 1102 1448 244
1110 1435 1154 1498 43

99 1475 218 1536 tamen.
264 1469 385 1536 ‘Cum’
419 1471 504 1536 enim
531 1471 637 1555 inquit
665 1471 940 1554 ‘inexplebiles
966 1471 1101 1556 populi
1120 1512 1154 1560 63

99 1559 231 1625 fauces
251 1562 483 1623 exaruerunt
501 1559 702 1623 libertatis
721 1558 790 1622 siti
807 1558 996 1642 malisque
1010 1579 1100 1623 usus

99 1646 169 1710 ille
191 1645 387 1710 ministris
410 1666 485 1710 non
507 1646 653 1711 modice
675 1649 942 1731 temperatam,
965 1646 1029 1710 sed
1046 1646 1102 1709 ni·

99 1733 170 1797 mis
203 1754 390 1797 meracam
421 1732 647 1798 libertatem
680 1734 819 1798 sitiens
845 1733 990 1816 hausit,
1021 1736 1101 1798 tum

99 1820 356 1905 magistratus
384 1823 422 1884 et
448 1820 658 1904 principes,
689 1821 766 1885 nisi
792 1820 903 1886 valde
931 1820 1036 1884 lenes
1064 1825 1102 1885 et

99 1908 254 1974 remissi
289 1907 369 1972 sint
404 1910 443 1972 et
478 1908 588 1993 large
625 1907 701 1972 sibi
736 1907 962 1972 libertatem
992 1907 1102 1971 mini·

101 2000 240 2079 strent,
267 1995 502 2080 insequitur,
528 1995 744 2079 insimulat,
772 1995 915 2080 arguit,
942 2016 1103 2080 praepo-

100 2086 242 2166 tentes,
268 2103 394 2167 reges,
422 2086 609 2166 tyrannos
636 2081 772 2150 vocat'
817 2082 901 2148 Puto
929 2083 1014 2147 enim
1040 2082 1104 2147 tibi

100 2172 180 2236 haec
202 2192 271 2236 esse
294 2173 381 2234 nota.
416 2169 454 2234 L.
472 2168 559 2234 Vero
582 2170 671 2252 mihi,
694 2167 810 2256 iniquit
831 2171 897 2254 ille,
914 2191 970 2236 no·
992 2173 1033 2251 [p.
1053 2187 1102 2235 151

100 2259 235 2323 tissima.
274 2255 307 2323 S.
328 2256 419 2342 Ergo
441 2256 501 2320 illa
523 2260 713 2339 sequuntur:
737 2257 831 2340 ‘e0s,
855 2258 920 2343 qui
941 2262 1104 2342 pareant
1123 2271 1155 2321 67

100 2344 356 2431 principibus,
392 2343 538 2428 agitari
574 2344 619 2407 ab
653 2364 694 2407 eo
725 2345 868 2428 populo
901 2348 939 2408 et
971 2365 1103 2409 servos

100 2432 346 2498 voluntarios
379 2429 584 2516 appellari3
615 2451 678 2495 eos
707 2434 845 2514 autem,
874 2430 938 2514 qui
964 2431 1003 2494 in
1029 2452 1104 2494 ma-

102 2521 274 2607 gistratu
302 2519 543 2604 privatorum
570 2516 718 2582 similes
748 2538 832 2582 esse
858 2516 996 2599 velint,
1023 2537 1104 2581 ecs-

101 2629 172 2692 que
199 2607 389 2693 privatos,
417 2605 480 2689 qui
504 2604 697 2688 efficiant,
723 2627 768 2669 ne
791 2604 881 2688 quid
902 2604 1005 2668 inter
1027 2604 1103 2687 pri·

101 2699 232 2761 vatum
262 2698 299 2760 et
325 2693 598 2779 magistratum
625 2692 801 2775 differat,
827 2691 958 2756 ferunt
980 2690 1103 2755 laudi-

100 2784 171 2848 bus
203 2785 241 2848 et
272 2785 443 2848 mactant
473 2780 701 2863 honoribus,
731 2783 773 2844 ut
801 2798 956 2844 necesse
986 2777 1038 2842 sit
1065 2777 1104 2841 in

102 2871 182 2936 eius
223 2869 324 2935 modi
364 2867 595 2952 republica
630 2869 745 2953 plena
779 2864 982 2932 libertatis
1019 2886 1104 2930 esse

101 2958 240 3040 omnia,
262 2960 304 3021 ut
326 2959 363 3020 et
386 2955 540 3041 privata
563 2956 693 3021 domus
717 2956 838 3023 omnis
857 2957 966 3022 vacet
985 2953 1104 3018 domi-

99 3043 270 3130 naltione
293 3047 330 3108 et
352 3043 423 3108 hoc
446 3042 587 3108 malum
609 3065 727 3128 usque
750 3044 794 3108 ad
816 3043 966 3107 bestias
991 3043 1030 3121 [p.
1053 3055 1102 3104 152

99 3131 315 3217 perveniat,
356 3129 518 3214 denique
554 3134 596 3196 ut
631 3134 742 3216 pater
777 3128 905 3194 filium
941 3131 1104 3209 metuat,

100 3218 211 3285 filius
235 3222 383 3302 patrem
405 3219 603 3303 neglegat,
627 3217 730 3283 absit
757 3216 879 3283 omnis
902 3214 1036 3300 pudor,
1063 3219 1105 3278 ut

100 3394 291 3480 regrinus,
313 3391 501 3478 magister
523 3395 565 3457 ut
588 3391 801 3477 discipjulos
824 3394 972 3457 metuat
996 3393 1032 3454 et
1056 3389 1104 3456 iis

100 3307 213 3392 plane
227 3304 345 3370 liberi
364 3303 455 3387 sint,
478 3305 578 3371 nihil
596 3305 769 3389 intersit,
792 3303 889 3369 civis
908 3303 962 3368 sit
981 3324 1025 3367 an
1044 3323 1105 3386 pe·

100 3482 326 3548 blandiatur
362 3483 622 3566 spernantque
659 3479 843 3566 discipuli
879 3478 1106 3566 magistros,
1118 3314 1176 3631 l
