2476 3848
524 205 566 216 -
611 168 764 234 334-

144 340 243 422 venti‚
266 340 405 403 retinent
427 343 537 403 tamen
561 338 729 402 caritatem
752 359 786 400 111
808 340 967 421 pastores,
992 357 1074 421 quos
1096 361 1155 422 pa-

145 430 212 491 tres
245 426 365 510 multos
398 447 500 491 anuos
533 447 603 489 esse
632 424 799 491 duxerunt.
845 423 938 500 Quod
965 429 1015 489 est
1046 426 1155 490 multo

144 513 290 600 profecto
315 514 419 599 magis
442 514 476 577 in
499 513 584 577 veris
607 512 755 597 patribus
778 512 939 596 certisque
960 512 1154 579 faciendum.

145 602 281 667 Fructus
301 601 385 665 euim
403 601 526 686 ingenii
544 605 577 664 et
595 601 726 664 virtutis
745 600 913 683 omnisque
931 601 1155 684 praestantiae

145 695 215 754 tum
244 710 412 753 maxumus
439 688 580 773 capitur,
611 711 683 753 cum
706 688 740 752 in
767 709 960 772 proxumum
993 710 1155 774 quemque

93 827 136 891 20
146 777 318 843 confertur.
796 825 799 829 .

94 904 126 954 '11
213 864 259 929 Ut
280 864 383 949 igitur
404 864 438 945 ii,
462 863 517 947 qui
536 866 611 927 sunt
629 863 664 925 iu
678 861 839 927 amicitiae
853 862 1156 947 coniunctionisque

146 952 380 1017 necessitudine
400 952 589 1035 superiores,
609 971 786 1032 exaequare
805 971 839 1014 se
856 973 928 1015 cum
944 950 1154 1017 inferioribus

146 1041 273 1116 debent,
296 1039 342 1103 sic
365 1039 533 1103 inferiores
556 1060 622 1102 non
640 1038 748 1101 dolere
768 1058 802 1101 se
820 1060 840 1102 a
858 1039 925 1101 suis
945 1042 1002 1103 aut
1019 1039 1153 1124 ingenio

147 1131 203 1192 aut
225 1128 358 1192 fortuna
381 1130 437 1191 aut
460 1126 619 1212 dignitate
643 1124 797 1208 superari.
839 1123 983 1200 Quorum
1005 1127 1153 1211 plerique

147 1218 204 1280 aut
227 1218 405 1298 queruntur
434 1236 559 1296 semper
587 1212 710 1296 aliquid
738 1217 795 1277 aut
823 1213 921 1278 etiam
944 1216 1153 1300 exprobrant,

147 1325 247 1386 eoque
271 1302 389 1387 magis,
418 1302 445 1366 si
467 1301 587 1365 habere
615 1322 649 1365 se
675 1303 806 1385 putant,
839 1301 925 1384 quod
952 1302 1095 1368 officiose
1118 1308 1153 1369 et

147 1393 248 1456 amice
272 1394 305 1454 et
327 1413 400 1455 cum
422 1390 533 1454 labore
553 1389 661 1472 aliquo
681 1410 738 1453 suo
756 1387 879 1453 factum
899 1394 1019 1472 queant
1037 1390 1151 1456 dicere.

147 1479 303 1544 Odiosum
327 1500 403 1542 sane
427 1499 528 1563 genus
550 1477 718 1541 hominum
741 1476 848 1541 officia
872 1478 1153 1562 exprobrantium

147 1589 229 1650 quae
253 1566 436 1630 meminisse
460 1566 555 1629 debet
577 1565 615 1645 11,
637 1565 672 1627 in
695 1586 791 1647 quem
814 1564 944 1629 conlata
967 1570 1055 1649 sunt,
1082 1587 1150 1630 non

94 1672 127 1722 ‘12
146 1676 407 1736 commemorare,
431 1653 486 1736 qui
508 1652 655 1717 contulit.
693 1650 797 1726 Quam
820 1652 862 1715 ob
885 1673 962 1735 rem,
984 1650 1021 1716 ut
1038 1653 1071 1735 ii,
1094 1655 1152 1736 qui

147 1743 328 1826 superiores
353 1743 436 1822 sunt,
460 1741 661 1804 summittere
685 1761 720 1802 se
742 1739 860 1803 debent
878 1739 912 1803 in
930 1739 1080 1822 amicitia,
1104 1742 1152 1806 sic

147 1831 287 1914 quodam
304 1830 400 1892 modo
419 1827 588 1891 inferiores
608 1827 771 1890 extollere.
804 1824 886 1891 Sunt
905 1828 991 1892 enim
1010 1827 1152 1911 quidam,

147 1919 202 2000 qui
226 1917 380 1980 molestas
404 1914 563 1978 amicitias
586 1914 721 1997 faciunt,
750 1936 822 1978 cum
844 1915 908 1998 ipsi
931 1937 965 1979 se
988 1917 1153 1981 contemni

145 2007 277 2088 putant3
309 2002 393 2085 quod
421 2023 487 2066 11011
513 2001 580 2065 fere
607 2000 768 2086 contingit
795 2002 860 2066 11111
886 2002 940 2086 111,
973 2003 1029 2086 qui
1051 2003 1151 2068 etiam

108 2142 111 2148 ,
147 2090 398 2155 contemnendos
422 2111 456 2153 se
484 2088 700 2171 arbitrantur3
733 2091 789 2172 qui
819 2090 881 2155 hac
908 2090 1058 2174 opinione
1085 2113 1152 2156 11011

94 2178 242 2245 13111010
265 2177 386 2260 verbis,
410 2176 466 2240 sed
489 2177 587 2241 etiam
610 2198 706 2261 opere
729 2176 858 2241 levandi
881 2181 965 2241 sunt.
1010 2177 1152 2243 Tantum

147 2268 256 2328 autem
278 2264 392 2347 cuique
415 2264 630 2348 tribuendum,
652 2263 793 2347 primum
816 2268 973 2348 quantum
993 2265 1063 2351 ipse
1082 2265 1152 2331 effi-

146 2373 218 2417 cere
240 2352 360 2436 possis,
384 2352 496 2416 deinde
520 2353 618 2416 etiam
641 2355 798 2435 quantum
820 2352 890 2435 ille,
914 2375 1009 2437 quem
1033 2353 1151 2438 diligas

146 2443 243 2523 atque
267 2440 407 2525 adiuves,
431 2440 598 2505 sustinere.
643 2439 719 2504 Non
742 2439 827 2503 enim
850 2460 954 2523 neque
977 2444 1014 2505 tu
1034 2442 1151 2525 possis,

147 2528 294 2612 quamvis
319 2528 467 2608 excellas,
490 2549 600 2592 omnes
620 2530 694 2591 tuos
713 2527 754 2591 ad
772 2526 912 2591 honores
931 2528 1152 2613 amplissimos

145 2616 327 2702 perducere,
350 2620 387 2680 ut
410 2614 516 2698 Scipio
539 2614 574 2678 P.
596 2614 763 2698 Rupilium
786 2615 895 2697 potuit
917 2616 1082 2681 consulem
1106 2617 1153 2681 ef-

145 2706 250 2789 ficere,
272 2704 409 2768 fratrem
428 2703 495 2767 eius
510 2701 544 2766 L.
563 2723 629 2766 11011
643 2702 758 2787 potuit.
791 2701 913 2776 Quodsi
932 2703 1031 2768 etiam
1044 2705 1152 2789 possis

146 2792 273 2876 quidvis
297 2791 420 2855 deferre
444 2791 484 2854 ad
507 2790 655 2873 alterum,
676 2789 849 2855 videndum
868 2795 1056 2875 esttamen,
1075 2793 1153 2876 quid

145 2880 202 2944 ille
224 2879 329 2963 possit
353 2879 519 2942 sustinere.

93 2984 127 3033 74
212 2966 349 3031 Omnino
374 2965 534 3030 amicitiae
558 2963 780 3029 conroboratis
799 2965 865 3030 iam
888 2967 1153 3052 confirmatisque

145 3057 179 3116 et
200 3054 339 3137 ingeniis
363 3057 395 3117 et
419 3052 580 3117 aetatibus
608 3052 796 3117 iudicandae
824 3058 913 3136 sunt,
940 3076 1012 3137 nec,
1045 3055 1075 3119 si
1098 3055 1154 3138 qui

145 3141 276 3204 ineunte
300 3144 406 3204 aetate
429 3139 567 3204 venandi
591 3144 647 3205 aut
669 3140 755 3224 pilae
780 3141 917 3205 studiosi
934 3141 1074 3226 fuenmt,
1097 3164 1154 3208 eos

145 3227 265 3291 habere
288 3228 496 3311 necessarios,
520 3249 600 3311 quos
622 3232 693 3291 tum
717 3226 830 3292 eodem
853 3228 961 3292 studio
986 3230 1153 3313 praeditos

146 3315 336 3380 dilexerunt.
367 3315 436 3380 Isto
456 3315 541 3380 enim
556 3316 651 3380 modo
670 3315 812 3380 nutrices
832 3320 864 3382 et
882 3316 1067 3402 paedagogi
1085 3317 1155 3382 iure

145 3403 319 3467 vetustatis
352 3403 528 3488 plurimum
560 3403 797 3468 benivolentiae
832 3403 1062 3490 postulabunt3
1099 3405 1156 3489 qui

63 3537 67 3570 ,
144 3491 338 3578 neglegendi
361 3492 489 3577 quidem
511 3513 577 3556 non
600 3494 692 3575 sunt,
720 3492 777 3556 sed
799 3493 864 3558 alio
893 3491 1034 3578 quodam
1057 3493 1155 3558 modo
