2476 3848
547 170 784 236 -526-

160 354 221 398 nec
256 331 296 397 ad
333 331 532 396 commodius
569 329 787 395 disserendum
823 329 899 394 rim.
952 327 992 392 In
1021 326 1170 429 physicis

161 419 336 504 plurimum
367 418 485 502 posuit
537 418 588 483 Ea
620 418 755 482 seientia
786 420 820 481 et
851 416 1023 482 verborum
1053 415 1103 479 ris
1137 419 1170 480 et

161 511 277 573 natura
313 506 470 571 orationis
506 509 539 570 et
575 504 837 606 consequentium
877 503 1170 587 repugnantiumve

161 596 246 660 ratio
278 598 388 678 potest
418 593 571 678 perspici,
602 593 745 658 omnium
775 595 882 657 autem
912 613 1020 655 rerum
1051 594 1171 656 natura

162 683 291 768 cognita
312 683 457 747 levamur
480 681 719 766 superstitione,
741 680 917 744 liberamur
936 679 1051 743 mortis
1069 682 1170 762 metu,

161 792 228 835 non
246 770 476 835 conturbamur
493 768 695 852 ignoratione
717 789 837 850 rerum,
860 788 877 832 a
897 788 960 851 qua
977 768 1050 850 ipsa
1066 767 1170 831 horri-

161 858 243 922 biles
263 858 423 921 exsistunt
443 877 539 938 saepe
557 854 757 939 formidines3
780 855 914 938 denique
932 853 1031 919 etiam
1049 854 1170 919 morati

162 945 276 1009 melius
295 944 427 1026 erimus,
445 964 518 1008 eum
536 942 739 1006 didicerimus
744 942 849 1027 ,quid
866 945 983 1006 natura
1001 942 1169 1006 desideret.

162 1032 245 1096 Tum
277 1054 367 1115 vero,
400 1031 428 1095 si
459 1029 608 1094 stabilem
640 992 809 1094 scientiam
839 1051 948 1093 rerum
977 1030 1169 1108 tenebimus,

163 1122 291 1184 servata
309 1081 380 1202 illd,
403 1139 484 1202 quae
503 1117 595 1201 quasi
615 1117 747 1201 delapsa
766 1117 805 1181 de
824 1118 913 1182 caelo
932 1120 983 1181 est
1000 1117 1041 1182 ad
1059 1118 1169 1202 cogni-

161 1208 283 1272 tionem
303 1205 458 1287 omnium,
476 1205 601 1290 regula,
625 1204 666 1269 ad
685 1227 781 1290 quam
799 1205 909 1270 omnia
926 1204 1044 1269 iudicia
1061 1226 1170 1270 rerum

162 1294 359 1378 derigentur,
390 1315 566 1377 numquam
597 1293 696 1357 ullius
728 1293 874 1357 oratione
901 1292 978 1357 victi
1008 1294 1170 1358 sententia

110 1396 144 1446 64
162 1382 364 1447 desistemus.
406 1380 482 1446 Nisi
504 1383 611 1445 autem
634 1401 741 1445 rerum
763 1383 880 1444 natura
905 1383 1077 1462 perspecta
1098 1381 1171 1464 erit,

161 1470 250 1535 nullo
290 1468 385 1534 modo
425 1469 603 1553 poterimus
645 1488 795 1533 sensuum
837 1467 955 1532 iudicia
991 1467 1170 1534 defendere.

131 1557 321 1641 Quicquid
348 1578 464 1657 porro·
478 1557 585 1621 animo
617 1556 791 1637 cernimus,
822 1555 856 1619 id
888 1576 983 1621 omne
1015 1555 1118 1620 oritur
1151 1579 1171 1620 a

163 1646 325 1728 sensibus3
355 1644 410 1728 qui
438 1645 467 1708 si
494 1665 605 1709 omnes
633 1644 701 1708 veri
728 1646 835 1727 erunt,
861 1646 899 1707 ut
924 1642 1057 1744 Epicuri
1084 1644 1170 1708 ratio

45 1756 50 1764 ·
162 1731 267 1816 docet,
289 1736 360 1796 tum
379 1732 515 1814 denique
533 1733 656 1814 poterit
674 1731 794 1815 aliquid
815 1693 966 1815 cognosci
984 1733 1018 1795 et
1038 1732 1169 1816 percipi.

163 1819 249 1896 Quos
282 1820 387 1904 quit
372 1819 562 1884 tetollunt
595 1819 679 1884 nihil
709 1840 806 1902 posse
837 1818 961 1901 percipi
992 1819 1170 1902 dicunt,11

162 1908 295 1972 remotis
314 1907 461 1972 sensibus
479 1928 521 1971 ne
539 1907 600 1970 id
590 1929 697 1990 1psum
716 1906 842 1990 quidem
858 1907 1008 2006 expedire
1023 1842 1170 1990 possunt,

163 1996 247 2079 quod
262 1995 431 2059 disserunt.
458 1993 630 2058 Praeterea
647 1994 776 2058 sublata
789 1993 973 2078 cognitione
988 1997 1021 2059 et
1035 1994 1170 2059 scientia

162 2083 288 2146 tollitur
307 2082 412 2146 omnis
434 2082 519 2146 ratio
543 2085 575 2144 et
592 2081 680 2145 ritae
699 2081 860 2165 degendae
881 2085 914 2145 et
932 2103 1039 2146 rerum
1056 2102 1170 2166 geren·

163 2169 285 2233 darum.
339 2167 392 2233 sic
424 2190 440 2233 e
467 2168 614 2251 physicis
643 2173 675 2232 et
706 2168 862 2234 fortitudo
890 2171 1028 2234 sumitur
1057 2173 1170 2234 contra

162 2257 277 2322 mortis
300 2257 450 2320 timorem
473 2259 506 2320 et
528 2257 713 2321 constantia
731 2261 843 2323 contra
862 2261 984 2321 metum
1001 2258 1169 2341 religionis

163 2349 196 2409 et
215 2344 337 2408 sedatio
352 2343 454 2407 animi
472 2344 612 2408 omnium
628 2366 736 2409 rerum
750 2345 948 2409 occultarum
965 2345 1169 2429 ignoratione

164 2433 291 2497 sublata
314 2433 347 2494 et
364 2431 543 2496 moderatio
567 2435 684 2496 natura
703 2432 915 2515 cupiditatum
932 2433 1169 2517 generibusque

164 2542 274 2584 earum
293 2518 470 2602 explicatis,
489 2522 530 2602 et,
554 2523 592 2583 ut
610 2520 705 2584 modo
724 2519 826 2602 docui,
845 2520 1039 2603 cognitionis
1058 2521 1170 2604 regula

164 2611 197 2671 et
213 2606 332 2670 indicio
351 2606 392 2671 ab
412 2607 524 2672 eodem
534 2607 590 2671 illo
606 2607 781 2672 constituto
792 2607 890 2672 veria
902 2607 988 2672 falso
1004 2607 1169 2674 distinctio

110 2693 345 2877 {otradltdlsrtat
379 2781 468 2845 locus
504 2781 579 2846 huie
615 2781 827 2864 disputationi
862 2782 913 2846 rel
945 2783 1084 2846 maxime
1114 2804 1170 2847 ne·

111 2828 322 2934 65cessarius
346 2868 384 2933 de
408 2868 565 2951 amicitia,
588 2890 697 2952 quam,
721 2890 749 2932 sr
740 2869 880 2952 volupt
882 2891 917 2932 as
942 2892 1102 2934 summum
1125 2871 1171 2934 sit

162 2957 297 3040 bonum,
320 2956 491 3020 affirmatis
513 2918 637 3020 nullam
661 2956 792 3020 omnino
813 2955 892 3020 fore.
936 2955 985 3020 De
1009 2979 1072 3041 qua
1091 2958 1170 3041 Epi·

164 3064 259 3107 curus
283 3043 412 3128 quidem
429 3044 478 3107 ita
496 3044 586 3126 dicit,
609 3044 754 3108 omnium
770 3065 892 3126 rerum,
914 3065 994 3127 quas
1014 3045 1055 3109 ad
1074 3046 1170 3109 beate

163 3130 335 3194 vivendum
367 3132 527 3214 sapientia
559 3132 808 3215 comparaverit,
843 3131 927 3195 nihil
959 3154 1028 3197 esse
1065 3133 1169 3196 maius

165 3217 319 3301 amicitia,
341 3218 423 3282 nihil
441 3219 586 3303 uberius,
608 3219 691 3283 nihil
707 3219 885 3284 iucundius.
924 3217 957 3283 N
959 3241 994 3285 ec
1012 3241 1088 3285 vero
1107 3219 1170 3284 hoc

165 3305 308 3370 oratione
340 3305 460 3390 solum,
492 3307 548 3370 sed
579 3307 681 3371 multo
713 3307 817 3391 magis
849 3307 917 3371 rita
949 3311 982 3373 et
1011 3307 1107 3371 factis
1135 3310 1170 3372 et

198 3393 309 3457 oribus
328 3394 559 3476 comprobarit.
601 3393 693 3471 Quod
712 3416 809 3479 quam
827 3414 981 3478 magnum
1000 3395 1052 3476 sit,
1074 3396 1170 3459 fictae

92 3378 307 3616 aterum
326 3481 455 3546 fabulae
475 3480 653 3568 declarant,
674 3482 710 3547 in
732 3482 847 3567 quibus
870 3485 939 3545 tam
956 3482 1066 3546 multis
1086 3485 1170 3546 tam·
