2476 3848
471 132 710 244 ss453..

91 339 216 424 Stoicis,
234 363 368 425 quorum
387 341 594 406 satis'rideor
612 341 791 405 defendisse
810 341 1008 405 sententiam.
1043 340 1088 404 Et

90 427 375 512 Peripateticorum
408 429 533 514 quidem
565 429 723 512 explicata
754 450 851 493 causa
882 433 930 492 est
960 431 1088 512 praeter

90 517 361 602 Theophrastum,
385 521 418 581 et
440 517 469 581 si
490 518 544 600 qui
565 517 656 580 illum
679 517 781 581 secuti
802 516 992 581 imbecillius
1014 516 1087 580 hor-

91 609 162 668 rent
192 604 335 671 dolorem
366 609 398 670 et
430 605 651 687 reformidant,
688 604 818 689 reliquis
851 604 978 688 quidem
1013 604 1089 669 licet

90 693 195 757 facere
213 692 258 777 id,
281 693 365 778 quod
383 693 449 756 fere
466 692 602 774 faciunt,
620 696 657 756 ut
674 693 867 777 gravitatem
885 691 1088 776 dignitatem·

88 802 150 865 que
177 781 308 846 virtutis
336 785 537 866 exaggerent.
589 780 691 856 Quam
719 801 790 844 cum
818 780 858 844 ad
885 780 1007 844 caelum
1037 801 1089 844 ex·

90 868 247 952 tulerunt,
262 868 357 954 ⁴quod
379 870 483 933 facere
506 869 689 953 eloquentes
719 868 865 932 homines
888 868 1016 951 copioso
1040 890 1088 932 so·

90 958 171 1039 lent,
197 957 320 1040 reliqua
342 978 381 1021 ex
403 957 584 1021 conlatione
611 956 704 1020 facile
732 960 781 1020 est
808 958 970 1020 conterere
994 960 1088 1041 atque

91 1049 302 1110 contemnere.
346 1044 414 1109 Nec
437 1045 523 1108 enim
544 1045 622 1108 licet
643 1045 696 1127 iis,
719 1044 773 1128 qui
795 1043 921 1108 laudem
941 1065 1012 1108 cum
1035 1045 1088 1108 do-

91 1133 159 1197 lore
190 1133 360 1216 petendam
387 1152 456 1197 esse
484 1132 605 1215 dicant,
635 1151 753 1215 negare
780 1153 835 1197 eos
867 1153 936 1196 esse
967 1133 1089 1213 beatos,

91 1221 146 1304 qui
168 1220 257 1284 illam
280 1220 388 1304 adepti
412 1224 494 1286 sunt.
540 1220 740 1304 Quamquam
762 1220 848 1283 enim
875 1221 940 1283 sint
967 1221 1089 1304 inqui·

90 1309 227 1372 busdam
250 1309 356 1392 malis,
383 1311 492 1372 tamen
514 1309 576 1372 hoc
598 1329 714 1372 nomen
736 1308 822 1371 beati
851 1307 946 1392 longe
970 1311 1002 1371 et
1023 1309 1089 1373 late
1166 1303 1170 1310 ’

91 1401 191 1479 patet.

156 1484 241 1549 Nam
273 1488 309 1548 ut
340 1487 531 1568 quaestuosa
563 1486 755 1565 mercatura,
788 1482 952 1545 fructuosa
984 1483 1087 1548 aratio
1098 1445 1141 1570 ²⁹}ss

92 1572 221 1656 dicitur,
251 1594 317 1636 non
349 1572 378 1636 si
409 1573 511 1636 altera
542 1591 666 1654 semper
698 1571 786 1634 omni
822 1569 951 1652 damno,
988 1570 1089 1635 altera

92 1661 181 1724 omni
216 1661 418 1742 tempestatis
454 1660 635 1724 calamitate
671 1679 796 1741 semper
832 1662 939 1740 vacat,
975 1658 1029 1721 sed
1061 1660 1089 1722 si

91 1748 194 1812 multo
218 1749 339 1813 maiore
359 1770 398 1812 ex
420 1751 512 1830 parte
534 1750 637 1810 exstat
659 1747 694 1810 in
716 1750 851 1829 utraque
872 1745 1021 1828 felicitas,
1043 1746 1089 1810 sio

91 1837 159 1899 vita
184 1858 250 1900 non
277 1836 381 1900 solum
409 1837 436 1899 si
463 1835 601 1918 undique
627 1833 747 1898 referta
773 1834 867 1898 bonis
890 1835 953 1915 est,
981 1833 1036 1897 sed
1061 1834 1090 1898 si

91 1924 193 1988 multo
220 1926 341 1989 maiore
365 1927 398 1988 et
424 1924 571 2008 graviore
594 1944 632 1986 ex
654 1926 746 2008 parte
773 1923 857 1986 bona
881 1921 1089 2004 propendent,

92 2011 187 2075 beata
206 2017 291 2076 recte
310 2013 371 2077 dici
389 2015 503 2095 potest.
540 2008 695 2094 Sequetur
713 2010 814 2094 igitur
831 2010 946 2074 horum
964 2010 1088 2075 ratione
1107 2030 1140 2078 87

91 2098 142 2161 vel
173 2099 213 2161 ad
245 2099 437 2182 supplicium
467 2100 562 2162 beata
597 2100 665 2163 vita
695 2099 846 2163 virtutem
882 2121 1015 2183 cumque
1051 2120 1089 2162 ea

92 2184 262 2249 descendet
279 2187 312 2249 in
329 2189 459 2250 taurum
477 2185 667 2268 Aristotele,
689 2186 881 2270 Xenocrate,
902 2183 1089 2271 Speusippo,

91 2271 265 2335 Polemone
302 2273 483 2336 auctoribus
519 2293 577 2336 nec
615 2295 685 2336 eam
718 2276 825 2356 miniS,
861 2274 1088 2338 blandimentis

93 2362 244 2442 corrupta
266 2358 398 2423 deseret.
434 2358 556 2423 Eadem
575 2357 789 2442 Calliphontis
812 2362 874 2423 erit
892 2360 1089 2443 Diodorique

93 2446 262 2529 sententia,
280 2468 415 2531 quorum
433 2450 565 2537 uterque
583 2447 784 2510 honestatem
799 2447 844 2517 sic
858 2447 1090 2530 complectitur,

92 2540 129 2599 ut
160 2535 281 2618 omnia,
312 2555 393 2619 quae
425 2535 493 2598 sine
525 2556 563 2598 ea
595 2533 671 2616 sint,
702 2533 797 2618 longe
826 2537 912 2598 retro
942 2534 1089 2617 ponenda

93 2626 228 2687 censeat.
279 2622 408 2706 Reliqui
434 2621 551 2686 habere
579 2643 612 2685 se
639 2621 786 2685 videntur
809 2622 989 2705 angustius,
1016 2643 1088 2685 ena-

91 2715 165 2775 tant
191 2715 312 2795 tamen,
343 2711 515 2795 Epicurus,
545 2709 774 2792 Hieronymus,
805 2714 837 2772 et
864 2708 891 2772 si
923 2710 977 2793 qui
1005 2714 1089 2793 sunt,

92 2800 146 2880 qui
186 2799 347 2864 desertum
386 2798 465 2863 illud
506 2796 721 2863 Carneadeum
762 2801 873 2862 curent
913 2796 1089 2862 defendere.

91 2885 195 2949 Nemo
224 2891 273 2952 est
296 2888 380 2952 enim
403 2908 525 2971 eorum,
552 2886 628 2971 quin
654 2886 812 2951 bonorum
835 2885 976 2950 animum
998 2880 1090 2968 putet

92 2994 162 3035 esso
184 2973 321 3038 iudicem
344 2996 478 3059 eumque
500 2974 748 3058 condocefeciat,
770 2979 807 3039 ut
830 2997 880 3057 ea,
903 2996 983 3059 quae
1005 2974 1090 3038 bona

93 3060 217 3124 malave
240 3062 421 3144 videantur,
443 3063 547 3145 possit
568 3065 778 3127 contemnere.
817 3061 902 3125 Nam
926 3083 1006 3146 quae
1028 3062 1089 3126 tihi
1107 3081 1141 3132 88

91 3147 224 3231 Epicuri
250 3149 389 3234 videtur,
417 3151 528 3214 eadem
556 3151 617 3214 erit
644 3150 829 3232 Hieronymi
858 3153 890 3212 et
917 3147 1088 3215 Carneadis
1129 3192 1132 3197 -

92 3258 189 3300 causa
203 3239 236 3301 et
253 3237 381 3303 hercule
396 3239 539 3302 omnium
553 3239 755 3323 reliquorum.
785 3237 862 3314 Quis
876 3237 962 3302 enim
974 3260 1017 3320 pa

91 3328 141 3388 est
168 3329 279 3391 contra
305 3330 442 3392 mortem
469 3330 526 3390 aut
554 3325 694 3390 dolorem
719 3325 873 3409 paratus?
918 3323 1018 3389 Ordia

91 3413 132 3476 ab
166 3435 217 3496 eo,
249 3415 276 3478 si
306 3415 426 3498 placet,
457 3436 551 3498 quem
578 3413 722 3500 mollem,
749 3437 842 3500 quem
872 3412 1034 3497 voluptati

90 3501 234 3567 dicimus
1027 3542 1030 3547 ·
