2476 3848
452 175 723 242 ¹-401-

94 331 150 394 alii
170 331 234 414 ipsi
253 331 446 397 occiderunt.
482 330 590 416 Atque
603 331 640 395 hi
657 331 785 416 quidem
799 335 938 414 optuma
955 337 1102 416 petentes
1188 370 1189 373 =

95 439 161 484 non
176 423 242 482 tam
259 419 425 484 voluntate
440 441 536 503 quam
552 441 663 484 cursus
678 440 785 483 errore
799 418 966 485 falluntur.
997 420 1102 496 Quid?

96 506 151 589 qui
170 508 324 588 pecuniae
343 507 528 590 cupiditate,
552 508 606 590 qui
626 508 828 590 voluptatum
847 506 980 572 libidine
998 507 1102 573 ferun-

94 598 158 674 tur,
181 615 381 680 quorumque
399 595 446 659 ita
461 596 693 677 perturbantur
707 595 815 675 animi,
832 598 949 658 utnon
965 596 1102 660 multum

96 682 206 746 absint
228 682 269 746 ab
292 683 433 766 insania,
461 682 547 766 quod
570 682 797 764 insipientibus
820 682 981 767 contingit
1004 684 1103 747 omni-

94 770 165 852 bus,
187 769 239 834 his
262 770 392 853 nullane
416 776 475 834 est:
489 769 677 871 adhibenda,
694 769 839 837 curalio?
885 774 993 835 utrum
1018 771 1103 856 quod

95 857 200 921 minus
224 855 363 923 noceant
386 858 485 922 animi
509 861 749 942 aegrotatrones
768 879 865 940 quam
883 859 1036 941 eorporis,
1060 881 1101 927 an

96 945 336 1028 quoduorpora
355 946 459 1010 curari
478 945 615 1028 possint,
633 945 814 1009 animorum
833 945 991 1010 medicina
1011 947 1102 1011 nulla
1120 964 1142 1026 3

96 1032 160 1096 sit?
198 1033 244 1096 At
267 1036 299 1096 et
322 1033 427 1098 morbi
450 1033 695 1117 perniciosiores
714 1034 884 1120 pluresque
908 1038 984 1099 sunt
1003 1034 1136 1114 animi,

96 1142 193 1203 quam
217 1122 375 1204 corporis3
401 1119 464 1185 hoo
492 1120 577 1184 enim
604 1120 677 1204 ipso
705 1121 807 1184 odiosi
831 1125 920 1204 sunt,
949 1122 1033 1205 quod
1062 1122 1101 1186 ad

96 1208 239 1272 animum
268 1208 433 1290 pertinent
460 1229 594 1291 eumque
622 1208 814 1291 sollicitant,
843 1207 1102 1293 ‘animusque

94 1293 235 1379 aeger',
262 1299 299 1360 ut
322 1297 368 1361 ait
390 1294 530 1373 Ennius,
559 1293 723 1378 ‘semper
750 1300 853 1363 errat
875 1317 995 1380 neque
1018 1299 1102 1381 pati

95 1405 216 1466 neque
230 1384 385 1468 perpeti
398 1387 542 1467 potest,
561 1405 699 1467 cupere
718 1404 920 1466 numquam
935 1384 1101 1448 desinit?

94 1470 219 1546 Quibus
244 1471 368 1536 duobus
391 1471 527 1554 morbis,
549 1474 587 1534 ut
610 1470 758 1534 omittam
783 1470 877 1553 alios,
901 1471 1101 1554 aegritudine

95 1561 127 1622 et
157 1559 347 1643 cupiditate,
385 1558 440 1641 qui
471 1558 600 1622 tandem
633 1561 770 1640 possunt
800 1558 834 1622 in
867 1579 998 1641 corpore
1031 1580 1099 1624 esse

95 1647 283 1730 graviores?
329 1646 390 1722 Qui
418 1667 494 1711 vero
521 1645 652 1729 probari
680 1648 801 1728 potest,
830 1649 867 1708 ut
889 1646 952 1710 sibi
980 1646 1100 1710 mederi

93 1734 219 1799 animus
247 1756 312 1799 non
345 1734 464 1817 possit,
495 1755 568 1798 eum
596 1733 700 1816 ipsam
732 1733 922 1797 medicinam
955 1735 1099 1816 corporis

94 1822 219 1886 animus
252 1822 423 1904 invenerit,
456 1842 591 1904 eumque
620 1820 659 1884 ad
693 1842 862 1905 corporum
896 1823 1099 1886 sanationem

92 1911 228 1975 multum
252 1910 324 1994 ipsa
346 1931 483 1993 corpora
502 1912 534 1973 et
557 1911 673 1973 natura
692 1909 798 1974 valeat
819 1929 879 1972 nec
902 1930 1024 1995 omnes,
1044 1911 1098 1993 qui

91 1998 199 2061 curari
231 2018 265 2061 se
301 1997 390 2081 passi
427 1997 504 2080 sint,
541 1996 693 2061 continuo
731 1997 829 2061 etiam
865 1997 1099 2082 convalescant,

93 2085 191 2147 animi
224 2087 344 2167 eutem,
375 2085 430 2168 qui
461 2106 495 2148 se
528 2085 637 2149 sanari
665 2085 826 2149 voluerint
857 2087 1099 2170 praeceptisque

93 2172 288 2255 sapientium
312 2173 489 2255 paruerint,
517 2173 585 2236 sine
609 2173 677 2236 ulla
700 2172 902 2238 dubitatione
926 2174 1100 2240 sanentur?

92 2259 153 2322 Est
176 2259 321 2341 profecto
345 2260 444 2325 animi
469 2260 634 2342 medicina,
657 2258 876 2342 philosophia3
900 2261 990 2325 cuius
1010 2262 1099 2325 auxi·
1118 2278 1134 2324 6

92 2348 170 2410 lium
197 2368 263 2411 non
290 2351 326 2410 ut
352 2348 386 2412 in
415 2347 557 2430 corporis
585 2346 705 2410 morbis
733 2347 906 2429 petendum
934 2351 984 2411 est
1010 2349 1099 2430 foris,

91 2434 304 2520 omnibusque
320 2437 434 2520 opibus
448 2435 582 2516 viribus,
602 2437 639 2498 ut
652 2438 779 2497 nosmet
792 2434 855 2516 ipsi
869 2434 963 2497 nobis
979 2435 1098 2498 mederi

91 2524 265 2607 possimus,
288 2523 517 2589 elaborandum
540 2526 599 2586 est.

488 2734 699 2743 —-———-

476 2915 504 2986 e,
525 2915 640 2986 12-7,
663 2911 711 2969 15.

157 3047 236 3112 bion
260 3045 329 3125 muli
353 3065 391 3111 cu
414 3047 476 3111 tem
500 3048 584 3129 &cte
607 3046 761 3128 ieltbclten,
786 3045 842 3125 bob
865 3047 915 3110 ter
937 3046 1027 3126 lbetle
1050 3048 1099 3112 ter

89 3135 309 3203 acroamate
332 3135 534 3215 unquqtuqlirb
557 3136 598 3216 ut.
635 3135 723 3212 Brucr
746 3134 834 3212 liutet
856 3135 906 3198 ber
924 3134 1100 3200 disternitur

90 3224 228 3302 crantor,
251 3222 342 3302 bullen
361 3221 472 3303 &ebrit
489 3223 555 3304 περὶ
576 3217 713 3296 πένθους
736 3222 835 3286 dicero
859 3222 906 3301 itt
926 3222 997 3301 letne
1021 3225 1098 3285 0011-

89 3316 199 3376 solctio
221 3307 254 3394 (l.
273 3310 351 3376 einr.
373 3309 427 3393 16)
451 3311 558 3393 benutt
579 3311 665 3392 batte,
689 3308 745 3387 bob
767 3309 829 3389 iere
851 3308 957 3390 ltotlrbe
975 3311 1100 3391 bipartite

91 3397 124 3484 (ἱ.
135 3395 320 3484 bic1.58)3u
335 3398 480 3464 teneruit
494 3399 583 3463 ciuem
594 3397 723 3477 bertulfe
737 3416 775 3461 cn
788 3396 872 3478 ubter
883 3397 1099 3477 wenldlirbteit

90 3487 197 3567 estruit
216 3490 328 3553 merbec
350 3487 444 3567 atille.
485 3483 849 3567 distributionibus,
873 3502 921 3548 um
945 3484 1023 3549 einer
1042 3484 1098 3548 bn
1154 3430 1180 3629 l

142 3597 323 3649 metieritis,
339 3596 384 3642 Cir.
399 3595 514 3650 pululavit.
530 3594 644 3648 &nubea
904 3590 938 3638 2ss
