2476 3848
437 158 489 230 ’-
537 183 600 248 139
646 219 689 230 -

66 343 221 409 feruntur.
266 343 316 410 Ac
344 345 382 410 (16
409 344 576 411 inferenda
604 346 732 430 quidem
758 346 877 411 iniuria
904 348 984 412 satis
1008 347 1071 413 dic·

67 435 136 496 tum
160 435 218 496 est.

131 519 442 585 Praetermittendae
473 525 583 586 autem
615 521 809 586 defensionis
841 521 1070 606 deserendique
1086 493 1123 620 38

69 605 168 672 officii
189 608 299 693 plures
323 609 430 673 solent
452 631 523 673 esse
546 631 675 693 causae,
701 631 778 673 nam
806 612 863 674 aut
883 609 1069 673 inimicitias

68 699 124 759 aut
146 695 292 760 laborem
315 699 372 761 ant
395 700 543 781 sumptus
568 697 729 782 suscipere
750 698 868 761 nolunt
891 697 1070 761 autetiam

66 783 285 868 neglegentia,
312 784 461 869 pigritia,
487 784 605 849 inertia
628 789 684 849 aut
707 785 774 849 suis
797 784 913 849 studiis
941 784 1071 867 quibus-

68 871 142 934 dam
169 872 473 955 occupationibusve
497 873 543 938 sio
569 872 801 957 impediuntur,
828 876 866 936 ut
892 894 960 956 eos,
989 894 1070 956 quos

67 958 168 1022 tutari
190 959 337 1043 debeant,
359 959 504 1025 desertos
528 982 598 1025 esse
620 961 797 1046 patiantur.
829 959 945 1044 Itaque
962 960 1070 1025 viden·

69 1045 144 1110 dum
167 1049 225 1130 est,
247 1069 287 1112 ne
309 1068 377 1112 non
394 1048 475 1111 satis
493 1048 537 1112 sit
554 1048 597 1132 id,
620 1049 706 1131 qnod
727 1049 812 1132 apud
830 1048 1001 1113 Platonem
1019 1052 1070 1112 est

66 1133 102 1197 in
118 1133 330 1218 philosophos
350 1135 480 1218 dictum,
499 1135 585 1218 quod
604 1135 639 1198 in
651 1135 720 1201 veri
733 1135 983 1221 investigatione
1002 1158 1071 1201 ver·

68 1225 179 1286 sontur
197 1223 345 1305 quodque
364 1245 410 1307 ea,
429 1244 511 1306 quae
529 1223 674 1307 plerique
688 1223 894 1288 vehementer
908 1227 1071 1308 expetant,

67 1309 105 1373 de
128 1309 244 1393 quibus
266 1310 352 1374 inter
375 1332 409 1374 se
437 1310 611 1394 digladiari
638 1311 784 1393 soleant,
807 1314 1015 1375 contemnant
1038 1315 1071 1375 et

66 1418 126 1480 pro
139 1397 242 1462 nihilo
260 1401 384 1483 putent,
403 1401 575 1482 propterea
593 1397 696 1461 iustos
716 1418 794 1460 esse.
826 1396 912 1461 Nam
931 1398 1070 1462 alterum

68 1484 223 1564 [iustitiae
239 1489 352 1570 genus]
364 1489 588 1568 assequuntur,
597 1488 635 1547 ut
643 1484 809 1548 inferenda
818 1506 858 1548 ne
873 1484 924 1549 cui
932 1489 1070 1549 noceant

66 1570 193 1658 iniuria,
214 1572 251 1636 in
273 1574 412 1638 alterum
433 1572 591 1655 incidunt,
614 1572 756 1636 discendi
778 1571 865 1635 enim
883 1571 989 1636 studio
1012 1572 1070 1635 im·

67 1660 176 1744 pediti,
199 1682 280 1743 quos
302 1661 388 1725 tueri
406 1660 533 1744 debent,
556 1659 714 1724 deserimt.
750 1658 865 1742 Itaque
888 1681 1006 1723 eosne
1030 1659 1071 1723 ad

67 1748 321 1830 rempublicam
349 1748 478 1831 quidem
506 1769 690 1813 accessuros
718 1751 813 1831 putat
840 1746 904 1810 nisi
932 1750 1069 1811 coactos.

67 1833 210 1918 Aequius
229 1840 339 1900 autem
356 1839 427 1900 erat
444 1836 477 1900 id
495 1836 664 1901 voluntate
681 1835 766 1919 fieri3
787 1856 864 1898 nam
882 1835 944 1899 hoc
962 1834 1069 1919 ipsum

66 1921 115 1986 ita
131 1922 252 1987 iustum
271 1927 330 2007 est,
350 1923 435 2008 quod
448 1927 535 1988 recte
552 1924 600 2007 fit,
619 1924 647 1988 si
663 1927 713 1987 est
727 1923 955 1988 voluntarium.
987 1920 1070 1986 Sunt
1089 1938 1121 1987 29

66 2009 179 2094 etiam,
206 2011 261 2096 qui
283 2015 340 2076 aut
363 2011 469 2076 studio
492 2011 540 2075 rei
562 2011 733 2075 familiaris
755 2011 894 2075 tuendae
917 2014 974 2075 aut
997 2010 1070 2076 odio

70 2097 209 2181 quodam
226 2098 394 2164 hominum
417 2120 510 2163 suum
528 2121 562 2162 se
579 2099 747 2184 negotium
766 2120 862 2184 agere
881 2099 990 2164 dicant
1012 2120 1071 2164 nec

66 2184 173 2249 facere
195 2187 344 2271 cuiquam
367 2186 536 2251 videantur
553 2186 714 2251 iniuriam.
750 2185 812 2261 Qui
831 2187 934 2251 altero
954 2207 1070 2271 genere

66 2272 245 2339 iniustitiae
262 2277 389 2358 vacant,
407 2273 442 2337 in
460 2274 598 2337 alterum
615 2275 796 2358 incurrunt,
815 2274 966 2339 deserunt
985 2274 1072 2338 enim

65 2360 153 2425 vitae
177 2361 378 2443 societatem,
406 2361 482 2444 quia
508 2361 592 2424 nihil
619 2360 788 2426 conferunt
809 2362 845 2426 in
868 2361 1071 2444 eamstudii,

67 2448 149 2512 nihil
173 2471 303 2534 operae,
325 2449 409 2513 nihil
430 2448 633 2512 facultatum.

133 2535 267 2610 Quando
290 2537 392 2622 igitur
415 2535 539 2601 duobus
563 2535 733 2620 generibus
754 2535 933 2599 iniustitiae
955 2556 1072 2618 propo-

65 2623 139 2688 sitis
167 2624 370 2689 adiunximus
399 2645 511 2688 causas
533 2623 701 2706 utriusque
730 2623 857 2707 generis
880 2643 996 2704 easque
1018 2643 1070 2685 res

66 2715 142 2776 ante
164 2711 404 2795 constituimus,
428 2712 544 2796 quibus
566 2711 692 2774 iustitia
715 2709 944 2791 contineretur,
967 2707 1071 2792 facilc,

67 2800 152 2883 quod
175 2800 328 2884 cuiusque
350 2798 506 2883 temporis
535 2798 677 2863 officium
703 2797 760 2879 sit,
789 2796 980 2881 poterimus,
1006 2795 1071 2860 nisi

64 2892 194 2951 nosmet
229 2887 318 2972 ipsos
354 2887 448 2952 valdo
485 2886 678 2969 amabimus,
714 2883 867 2968 iudicare3
903 2888 953 2948 est
985 2884 1070 2949 enim
1089 2901 1123 2951 30

65 2974 209 3040 difficilis
242 2998 318 3040 cura
349 2997 457 3039 rerum
489 2974 675 3038 alienarum.
722 2971 924 3056 Quamquam
955 2972 1070 3038 Teren-

64 3062 174 3127 tianus
200 3063 258 3127 ille
280 3061 434 3127 Chremes
460 3061 632 3126 ‘humani
659 3060 760 3124 nihil
788 3083 807 3124 a
835 3083 874 3125 se
902 3061 1070 3126 alienum

64 3149 206 3235 putat'3
235 3150 291 3214 sed
312 3153 435 3232 temen,
464 3149 539 3233 quia
562 3148 667 3234 magis
690 3170 728 3213 ea
754 3148 949 3233 percipimus
973 3153 1070 3234 atque

66 3239 237 3321 sentimus,
265 3258 347 3321 quae
372 3236 468 3301 nobis
494 3235 575 3320 ipsis
598 3239 655 3300 aut
677 3257 833 3322 prospera
856 3242 912 3303 aut
935 3238 1032 3303 adver
1073 3278 1078 3285 ·

66 3324 231 3407 eveniunt,
258 3346 355 3408 quam
377 3323 450 3407 illa,
477 3345 559 3406 quae
583 3324 712 3410 ceteris,
739 3346 821 3407 quac
849 3326 943 3410 quasi
970 3326 1027 3390 lon

64 3411 239 3478 intervallo
257 3411 426 3477 interiecto
445 3411 599 3497 videmus,
618 3412 766 3477 aliterde
784 3413 852 3477 illis
871 3434 909 3479 ac
923 3413 961 3478 dc
974 3433 1017 3479 no

64 3498 252 3565 iudicamus.
284 3498 440 3576 Quocirca
457 3498 538 3564 bene
555 3500 767 3586 praecipiunt,
786 3501 842 3585 qui
856 3503 1008 3585 vetantq
