2476 3848
553 232 706 297 -340
751 267 793 280 -κ

168 389 347 471 deantur,
378 386 471 451 illos
503 387 633 451 verum
660 393 774 470 saepe
801 385 940 470 dicere,
972 386 1043 452 hos
1072 410 1178 454 num-

168 473 298 560 quam?
326 474 435 558 Atque
453 474 536 539 illud
554 473 739 558 absurdum,
757 473 843 558 quod
865 473 898 558 ii,
917 474 972 559 qui
993 480 1177 561 monentur,

168 586 240 629 eam
258 563 451 645 molestiam,
474 584 571 646 quam
590 562 709 627 debent
727 582 848 646 capere,
867 583 933 645 non
948 563 1089 648 capiunt,
1105 587 1178 630 eam

167 652 309 736 capiunt,
332 673 396 734 qua
419 650 537 714 debent
559 672 688 733 vacare3
710 671 859 735 peccasse
878 649 964 714 enim
985 673 1019 715 se
1038 674 1105 717 non
1124 676 1178 717 an·

169 744 298 825 guntur,
326 738 493 824 obiurgari
520 739 657 802 moleste
683 736 805 821 ferunt3
833 738 918 821 quod
942 743 1056 805 contra
1084 763 1177 826 opor-

169 829 270 911 tebat,
293 827 411 892 delicto
430 827 548 909 dolere,
571 825 767 891 correctione
791 826 939 911 gaudere.

116 896 159 961 25
235 914 283 980 Ut
305 915 406 999 igitur
430 916 463 978 et
485 935 615 978 monere
635 916 668 977 e't
686 914 809 977 moneri
827 914 995 999 proprium
1015 919 1178 981 99119199

102 973 149 1081 ,91
170 1002 331 1068 amicitiae
352 1005 385 1066 et
403 1002 541 1066 alterum
560 1001 661 1065 libero
678 1001 793 1084 facere,
810 1023 877 1066 non
891 1023 1012 1088 aspere,
1036 1003 1178 1069 alterum

168 1091 330 1176 patienter
351 1089 503 1173 accipere,
526 1111 592 1154 non
610 1092 837 1174 repugnanter,
859 1090 904 1154 sic
922 1090 1108 1156 habendum
1128 1095 1178 1157 est

168 1178 293 1242 nullam
316 1177 350 1241 in
373 1177 525 1241 amicitiis
548 1180 673 1262 pestem
701 1198 771 1240 esse
793 1177 950 1243 maiorem
979 1200 1076 1261 quam
1102 1179 1178 1244 adu·

169 1266 340 1349 lationem,
367 1264 575 1349 blanditiam,
607 1264 878 1349 adsentationem;
911 1267 1059 1349 quamvis
1092 1268 1179 1332 enim

169 1354 281 1418 multis
312 1353 498 1418 nominibus
531 1357 581 1418 est
611 1353 673 1417 hoc
702 1353 819 1416 vitium
835 1355 1028 1419 notandum
1058 1355 1178 1419 levium

169 1442 337 1507 hominum
361 1446 457 1526 atque
483 1440 651 1506 fallacium
677 1441 717 1504 ad
746 1441 948 1506 voluntatem
975 1442 1179 1526 loquentium

117 1547 151 1596 99
171 1531 287 1613 91111119,
306 1530 389 1594 nihil
408 1529 449 1594 ad
467 1529 646 1595 veritatem.
679 1526 761 1593 Cum
780 1532 889 1593 autem
907 1529 1051 1594 omnium
1069 1553 1177 1594 rerum

171 1618 335 1683 simulatio
359 1617 478 1683 vitiosa
501 1621 550 1681 est
577 1614 680 1701 (tollit
703 1616 790 1680 enim
811 1617 966 1700 iudicium
986 1618 1055 1682 veri
1078 1619 1174 1701 idque

171 1703 357 1791 adulterat),
376 1709 446 1769 tum
466 1704 627 1769 amicitiae
641 1707 803 1790 repugnat
817 1705 968 1788 maxime3
987 1705 1072 1769 delet
1091 1706 1176 1770 enim

170 1795 356 1877 veritatem,
387 1794 455 1857 sine
479 1814 542 1875 qua
563 1813 682 1857 nomen
704 1792 865 1858 amicitiae
887 1794 995 1859 valere
1016 1814 1082 1858 non
1105 1798 1177 1878 pot-

171 1886 229 1946 est.
269 1880 357 1945 Nam
380 1903 452 1945 cum
476 1878 637 1944 amicitiae
659 1879 708 1945 vis
733 1880 776 1944 sit
799 1881 833 1944 in
856 1903 903 1965 eo,
925 1884 963 1946 ut
980 1903 1062 1945 unus
1083 1883 1177 1965 quasi

172 1970 298 2033 animus
321 1969 380 2032 fiat
403 1989 441 2031 ex
464 1967 621 2051 pluribus,
645 1967 700 2051 qui
722 1968 756 2031 id
778 1968 849 2033 fieri
870 1968 1005 2053 poterit,
1029 1969 1056 2033 11
1077 1991 1118 2034 119
1141 1971 1177 2034 111

171 2079 235 2120 uno
255 2055 383 2139 quidem
402 2076 529 2139 quoque
548 2077 629 2119 unus
649 2055 776 2120 animus
796 2056 857 2121 crit
874 2057 1022 2141 idemque
1042 2080 1177 2143 semper,

118 2160 152 2208 93
173 2144 228 2209 sed
243 2143 362 2226 varius,
380 2143 629 2227 commutabilis,
649 2144 843 2228 multiplex?
866 2143 949 2220 Quid
964 2146 1049 2209 9111111
1068 2151 1177 2231 potest

172 2253 242 2296 esse
264 2235 333 2294 tam
357 2230 506 2314 flexibile,
528 2235 598 2296 tam
616 2232 744 2296 devium
764 2254 861 2316 quam
880 2233 1007 2298 animus
1026 2235 1103 2314 eius,
1122 2235 1178 2318 qui

172 2318 212 2384 ad
245 2318 378 2383 alterius
411 2341 478 2384 non
509 2320 604 2384 modo
638 2342 767 2384 sensum
800 2342 837 2384 ao
867 2320 1084 2407 voluntatem,
1121 2322 1177 2387 sed

171 2407 270 2471 etiam
294 2406 420 2473 vultum
444 2410 541 2490 atque
564 2411 679 2472 nutum
702 2407 923 2474 conuertitur?

214 2494 342 2580 Ne'gat
356 2494 455 2578 quis,
469 2516 581 2580 neg03
600 2496 666 2579 ait,
685 2495 759 2578 ati03
777 2500 974 2580 postremo
988 2493 1177 2581 imperavi

775 2585 926 2668 egomet
949 2583 1043 2647 mihi

216 2655 353 2736 Omnia
376 2669 587 2747 adsentari,

172 2763 209 2823 ut
233 2760 279 2822 ait
302 2759 387 2822 idem
411 2757 591 2840 Terentius,
615 2758 670 2820 sed
691 2757 749 2821 ille
771 2758 806 2822 in
828 2757 1010 2824 Gnathonis
1029 2778 1177 2841 persona,

119 2861 154 2912 94
173 2847 258 2930 quod
277 2846 372 2911 amici
392 2866 492 2930 genus
508 2844 664 2909 ‘adhibere
683 2845 814 2910 omnino
828 2846 973 2911 levitatis
992 2849 1050 2909 est.
1080 2845 1179 2910 Multi

173 2939 280 2998 autem
295 2932 505 2997 Gnathonum
520 2932 642 2996 similes
657 2954 730 2997 cum
744 2933 810 2996 sint
826 2934 907 3018 loce,
929 2933 1071 3018 fortuna,
1089 2933 1179 2998 fama

173 3021 363 3105 superiores,
385 3021 503 3085 horum
525 3025 575 3085 est
598 3020 781 3086 adsentatio
800 3021 948 3105 molesta,
972 3044 1043 3087 cum
1064 3022 1105 3085 ad
1122 3045 1177 3087 va-

120 3109 309 3175 911111919111
337 3109 472 3173 99999911
505 3109 690 3173 auctoritas
735 3107 864 3174 Secerni
896 3113 1006 3173 autem
1038 3109 1177 3173 blandus

174 3195 294 3259 amicus
319 3218 338 3260 a
359 3217 436 3260 vero
461 3199 493 3260 et
518 3196 525 3209 ‘
551 3196 691 3262 temosci
713 3201 783 3262 tam
805 3199 915 3282 potest
938 3197 1085 3262 adhibita
1109 3198 1179 3261 dili·

174 3283 285 3368 gentia
308 3305 405 3366 quam
424 3284 533 3349 omnia
546 3285 656 3350 fucata
675 3289 707 3350 et
726 3284 879 3349 simulata
893 3307 913 3350 a
927 3284 1061 3349 sinceris
1081 3290 1179 3369 atque

171 3370 266 3436 veris.
312 3369 437 3456 Contio,
461 3395 543 3456 quae
566 3395 604 3437 ex
626 3371 879 3457 imperitissimis
902 3375 1045 3457 constat,
1068 3376 1181 3438 tamen

116 3485 132 3534 t
171 3458 314 3524 iudicare
337 3459 436 3543 solet,
486 3460 541 3525 uid
567 3460 697 3526 intersit
725 3460 811 3526 inter
837 3460 1044 3544 popularem,
1071 3460 1104 3524 id
1128 3465 1179 3525 991

72 3593 78 3598 -
160 3547 410 3616 adsentatorcm
444 3550 478 3615 et
505 3547 611 3615 leuem
640 3549 755 3634 ciuem,
787 3551 820 3613 et
850 3547 936 3613 inter
965 3550 1179 3635 constantem,
