2476 3848
518 181 760 246 -132-

140 343 319 427 ralitatem3
344 340 441 408 fortis
468 363 545 407 vero
569 341 898 406 doloremsummum
921 343 1044 407 malum
1065 341 1146 406 iudi-

140 452 217 497 cans
240 433 297 496 aut
318 433 504 515 temperans
526 429 729 512 voluptatem
753 449 914 494 summum
936 429 1058 495 bonum
1081 434 1145 496 sta·

105 522 234 586 ctuens
258 539 329 582 esse
352 521 438 583 certe
460 517 551 582 nullo
571 516 667 582 modo
686 519 804 600 potest.
841 515 929 591 Quae
948 537 1144 602 quamquam

140 607 188 672 ita
210 609 287 670 sunt
313 605 347 669 in
374 607 542 690 promptu,
571 607 608 668 ut
635 624 687 668 res
711 603 930 689 disputatione
951 626 1018 669 non
1041 609 1144 690 egeat,

139 699 250 760 tamen
278 697 353 758 sunt
380 693 515 758 anobis
544 691 608 756 alio
636 691 707 756 loco
735 691 910 776 disputata.
954 691 1025 758 Hae
1053 694 1144 759 disci-

138 782 246 867 plinae
265 781 367 866 igitur
385 780 413 843 si
431 780 494 844 sibi
513 782 746 844 consentaneae
764 780 866 844 velint
885 800 963 864 csse,
979 780 1019 845 de
1038 781 1143 847 officio

137 870 220 934 nihil
244 872 365 952 queant
387 867 504 951 dicere,
526 889 630 951 neque
647 867 716 930 ulla
735 866 833 932 officii
851 872 1023 952 praecepta
1040 869 1144 952 firma,

140 956 284 1038 stabilia,
314 955 485 1020 coniuncta
506 959 642 1019 naturae
669 955 755 1019 tradi
776 960 914 1040 possunt
935 956 1000 1020 nisi
1023 961 1079 1022 aut
1101 959 1143 1023 ab

138 1044 194 1128 iis,
221 1044 276 1127 qui
304 1044 421 1126 solam,
450 1046 506 1107 aut
534 1044 575 1107 ab
602 1043 656 1126 iis,
690 1042 745 1126 qui
772 1044 911 1108 maxime
937 1044 1143 1110 honestatem

138 1135 272 1217 propter
301 1153 335 1196 se
368 1131 475 1195 dicant
509 1130 728 1214 expetendam.
777 1129 829 1196 Ita
860 1132 993 1216 propria
1024 1137 1075 1197 est
1105 1155 1144 1199 ea

137 1219 323 1304 praeceptio
338 1216 532 1302 Stoicorum,
547 1218 826 1301 Academicorum,
844 1218 1142 1305 Peripateticorum,

139 1307 293 1390 quoniam
323 1306 501 1390 Aristonis,
525 1306 715 1390 Pyrrhonis,
738 1305 835 1371 Erilli
856 1307 923 1372 iam
944 1308 1068 1392 pridem
1092 1330 1142 1373 ex·

138 1395 232 1479 plosa
255 1394 416 1459 sententia
438 1399 500 1478 est3
523 1394 578 1478 qui
595 1398 706 1458 tamen
723 1394 881 1459 haberent
898 1395 949 1459 ius
969 1417 1062 1461 suum
1080 1396 1142 1461 dis·

137 1483 273 1567 putandi
305 1484 343 1547 de
371 1481 491 1565 officio,
518 1483 546 1546 si
578 1503 687 1546 rerum
718 1483 859 1565 aliquem
888 1483 1040 1548 dilectum
1069 1484 1141 1548 reli-

136 1571 297 1655 quissent,
324 1574 361 1635 ut
389 1571 429 1636 ad
456 1571 554 1635 officii
576 1570 796 1635 inventionem
820 1570 925 1635 aditus
949 1574 1042 1635 esset.
1088 1569 1141 1636 Se-

138 1680 272 1742 quemur
285 1659 388 1744 igitur
401 1659 462 1723 hoo
477 1658 605 1741 quidem
618 1661 765 1742 tempore
784 1661 817 1722 et
829 1658 892 1723 hac
904 1659 939 1723 in
952 1659 1140 1742 quaestione

137 1747 344 1831 potissimum
367 1744 493 1810 Stoicos
520 1766 587 1809 non
609 1749 646 1809 ut
668 1746 875 1829 interpretes,
898 1747 967 1829 sed,
994 1750 1031 1811 ut
1060 1747 1140 1812 sole

137 1856 222 1917 mus,
241 1856 258 1897 e
271 1832 415 1897 fontibus
430 1854 541 1896 eorum
554 1831 671 1897 iudicio
687 1833 885 1918 arbitrioque
903 1839 1025 1920 nostro,
1044 1857 1141 1919 quan·

136 1924 207 1985 tum
231 1942 356 2004 quoque
380 1919 474 1984 modo
498 1920 669 2004 videbitur,
690 1921 885 1986 hauriemus.

101 2025 117 2074 7
202 2007 314 2071 Placet
336 2008 445 2092 igitur,
468 2007 620 2091 quoniam
643 2010 747 2073 omnis
771 2010 948 2093 disputatio
972 2010 1010 2074 de
1033 2009 1139 2076 officio

136 2095 247 2159 futura
269 2099 332 2178 est,
360 2099 435 2159 ante
463 2095 607 2179 definire,
635 2097 712 2180 quid
735 2097 778 2162 sit
801 2096 990 2181 officium3
1013 2098 1098 2181 quod
1121 2121 1140 2163 a

135 2182 291 2247 Panaetio
305 2183 570 2268 praetermissum
588 2205 658 2248 esse
676 2185 785 2250 miror.
817 2184 929 2249 Omnis
944 2186 1039 2269 enim,
1058 2208 1140 2270 quae

138 2272 184 2351 [a]
207 2271 334 2354 ratione
357 2271 532 2354 suscipitur
555 2272 593 2335 de
614 2272 724 2356 aliqua
746 2295 781 2338 re
803 2273 980 2356 institutio,
1003 2274 1098 2339 debet
1121 2298 1140 2339 a

137 2358 321 2422 definitione
347 2359 520 2443 proficisci,
547 2363 584 2422 ut
605 2359 825 2446 intellegatur,
853 2361 930 2444 quid
957 2362 1001 2424 sit
1027 2361 1073 2445 id,
1101 2361 1139 2427 de

96 2447 117 2510 3
136 2468 199 2530 quo
224 2446 413 2531 disputetur.
431 2498 437 2510 .
453 2498 481 2510 ..
525 2445 638 2511 Omnis
658 2448 695 2512 de
714 2449 820 2513 officio
840 2449 959 2533 duplex
977 2453 1027 2513 est
1045 2471 1139 2533 quae·

137 2534 213 2599 stio:
245 2556 343 2599 unum
367 2556 468 2620 genus
492 2538 555 2619 est,
583 2535 669 2619 quod
691 2536 832 2620 pertinet
855 2536 897 2600 ad
918 2536 1015 2600 finem
1040 2537 1139 2601 bono·

135 2645 220 2706 rum,
244 2623 395 2706 alterum,
418 2623 504 2707 quod
522 2622 664 2707 positum
683 2627 734 2687 est
750 2624 785 2687 in
804 2624 998 2709 praeceptis,
1021 2624 1137 2707 quibus

134 2711 170 2774 in
192 2712 297 2776 omnis
320 2711 424 2796 partis
451 2732 528 2775 usus
556 2711 643 2775 vitae
665 2710 861 2776 conformari
882 2712 996 2796 possit.
1041 2709 1138 2796 Supe-

134 2799 230 2864 rioris
255 2800 381 2884 generis
403 2799 499 2863 huius
522 2798 610 2862 modi
634 2802 709 2863 sunt
732 2800 893 2884 exempla:
921 2801 1069 2865 omniane
1093 2800 1138 2865 of-

133 2887 208 2950 ficia
225 2887 369 2970 perfecta
386 2887 466 2969 sint,
483 2908 561 2950 num
580 2886 666 2970 quod
684 2886 826 2952 officium
844 2887 933 2953 aliud
951 2888 1016 2954 alio
1034 2889 1137 2955 maius

135 2973 192 3054 sit,
220 2976 253 3036 et
280 2995 361 3056 quae
389 2978 464 3037 sunt
496 2975 622 3059 generis
655 2975 805 3039 eiusdem.
855 2974 999 3051 Quorum
1029 2981 1138 3041 autem

135 3058 314 3124 officiorum
341 3065 514 3145 praecepta
540 3062 720 3147 traduntur,
748 3084 786 3128 ea
815 3085 1011 3149 quamquam
1041 3065 1138 3148 perti-

133 3151 212 3211 nent
231 3147 271 3211 ad
289 3149 386 3212 finem
403 3149 576 3234 bonorum,
593 3154 704 3214 tamen
722 3151 827 3216 minus
846 3152 880 3216 id
898 3155 1041 3237 apparet,
1062 3151 1137 3234 quia

134 3235 239 3320 magis
268 3235 308 3299 ad
335 3236 573 3301 institutionem
600 3239 687 3303 vitae
714 3239 892 3304 communis
920 3242 1065 3323 spectare
1092 3238 1134 3302 vi·

135 3323 262 3407 dentur,
295 3323 334 3387 de
362 3324 478 3407 quibus
506 3329 556 3389 est
582 3327 677 3390 nobis
703 3325 755 3391 his
783 3327 876 3392 libris
904 3326 1137 3411 explicandum.

99 3411 242 3495 8Atque
266 3412 364 3477 etiam
388 3412 453 3476 alia
476 3412 591 3477 divisio
615 3418 665 3478 est
688 3413 794 3480 officii.
835 3413 922 3480 Nam
945 3418 978 3478 et
996 3413 1137 3479 medium

69 3480 115 3627 x
134 3501 294 3584 quoddam
313 3500 455 3566 officium
473 3501 590 3566 dicitur
612 3506 645 3567 et
663 3502 850 3587 perfeetum.
885 3500 1069 3569 Perfectum
1092 3502 1137 3568 of-
