2476 3848
339 146 341 153 '
471 193 711 256 -411-

90 351 156 416 nisi
183 354 292 418 omnia
317 353 419 418 videri
446 352 553 418 subita
580 353 717 436 maiora,
747 357 780 418 et
803 354 931 439 quidem
954 356 995 421 ob
1019 354 1098 420 duas
1176 379 1180 387 ¹

92 440 688 594 fittttattttdthlttt
713 442 1100 596 tritutttltt

91 616 278 698 praecaveri
304 551 462 699 pothisse,
490 616 519 681 si
549 580 715 700 provisuri]
748 579 851 699 esset:
879 617 973 701 quasi
1004 613 1100 702 culpa

92 706 293 767 contractum
312 703 434 768 malum
453 704 687 789 aegritudinem
705 704 862 769 acriorem
884 704 970 770 facit
1008 705 1100 782 Quod
1118 721 1152 771 aa

92 791 140 854 ita
163 811 233 854 esse
256 790 324 855 dies
347 791 502 874 declarat,
528 813 608 876 quae
631 792 806 876 procedens
829 792 878 858 ita
900 793 1042 878 mitigat,
1064 796 1101 857 ut

92 878 195 942 isdem
220 878 317 943 malis
342 879 547 945 manentibus
565 901 631 944 non
649 880 745 945 modo
766 880 906 944 leniatur
923 879 1101 966 aegritudo,

94 966 198 1031 sedin
215 966 377 1050 plerisque
394 966 540 1032 tollatur.
567 966 856 1054 Karthaginienses
870 969 963 1033 multi
976 968 1101 1034 Romae

74 1053 286 1135 servierunt,
312 1052 503 1119 Macedones
530 1075 607 1140 rege
633 1055 730 1122 Perse
759 1059 869 1140 capto,
906 1057 973 1123 vidi
1002 1056 1101 1121 etiam

93 1142 127 1205 in
149 1141 385 1226 Peloponneso,
414 1164 486 1207 cum
510 1164 612 1207 essem
636 1143 834 1222 adulescens,
862 1145 1019 1228 quosdam
1042 1142 1101 1209 Co·

92 1228 242 1294 rinthios.
290 1229 335 1294 Hi
362 1233 514 1313 poterant
542 1251 653 1295 omnes
681 1232 792 1298 eadem
824 1231 881 1296 illa
909 1232 948 1297 de
976 1231 1101 1297 Andro·

93 1317 207 1382 macha
229 1317 411 1402 deplorare:

252 1440 355 1505 Haec
378 1440 506 1504 dmnia
529 1441 608 1506 vidi
633 1489 763 1523 .....

95 1580 151 1644 sed
174 1580 239 1644 iam
263 1579 513 1645 decantaverant
534 1579 682 1645 fortasse.
717 1578 767 1644 Eo
788 1580 873 1644 enirn
892 1583 985 1645 erant
1001 1579 1102 1662 voltu,

95 1668 255 1750 oratione,
279 1668 366 1732 omni
393 1667 516 1750 reliquo
536 1670 627 1733 motu
646 1670 680 1731 et
702 1669 803 1743 statu,
825 1670 863 1731 ut
884 1688 939 1732 eos
959 1666 1101 1752 Argivos

94 1759 151 1820 aut
170 1753 335 1838 Sicyonios
354 1754 490 1838 diceres,
512 1754 679 1839 magisque
697 1776 749 1818 me
768 1758 935 1819 moverant
953 1753 1101 1820 Corinthi

93 1842 202 1907 subito
240 1846 389 1927 aspectae
427 1843 604 1925 parietinae
649 1864 745 1927 quam
780 1842 869 1926 ipsos
905 1840 1101 1924 Corinthios,

93 1953 228 2014 quorum
259 1931 375 1996 animis
410 1930 561 1995 diuturna
594 1931 748 2016 cogitatio
781 1931 896 1996 callum
928 1930 1100 1995 vetustatis

94 2019 280 2083 obduxerat.
334 2017 487 2102 Legimus
518 2019 638 2084 librum
670 2016 878 2102 Clitomachi,
914 2040 1008 2102 quem
1045 2017 1100 2082 ille
1120 2039 1154 2088 tt

95 2128 206 2169 eversa
226 2105 428 2190 Karthagine
451 2107 541 2172 misit
563 2107 751 2173 consolandi
774 2129 871 2172 causa
893 2105 934 2170 ad
956 2105 1102 2189 captivos

95 2192 181 2255 cives
215 2214 303 2276 suos3
335 2194 369 2256 in
401 2215 438 2257 eo
472 2197 521 2258 est
551 2194 729 2278 disputatio
763 2195 883 2276 scripta
919 2191 1103 2276 Carneadis,

95 2300 192 2362 quam
220 2299 254 2343 se
284 2279 331 2343 ait
357 2281 392 2342 in
419 2282 683 2345 commentarium
715 2281 887 2345 rettulisse.
942 2278 1025 2345 (lum
1057 2282 1103 2346 ita

95 2367 236 2450 positum
265 2369 363 2446 esset,
395 2365 495 2430 videri
522 2367 591 2432 fore
623 2368 658 2432 in
691 2368 891 2452 aegritudine
923 2370 1102 2451 sapientem

94 2453 202 2538 patria
228 2457 337 2539 capta,
364 2474 446 2538 quae
474 2451 652 2521 Carneades
682 2459 793 2520 contra
822 2455 952 2538 dixerit,
982 2454 1103 2537 scripta

96 2544 179 2606 sunt.
220 2541 325 2607 Tanta
347 2542 448 2627 igitur
469 2543 665 2608 calamitatis
687 2542 866 2626 praesentis
890 2541 1060 2606 adhibetur
1083 2563 1103 2606 a

95 2631 288 2714 philosopho
307 2630 475 2712 medicina,
493 2634 613 2714 quanta
631 2631 828 2695 inveteratae
843 2650 884 2694 ne
903 2629 1103 2694 desideratur

95 2718 237 2802 quidem,
268 2740 340 2802 nec,
373 2719 401 2782 si
431 2718 554 2802 aliquot
585 2717 678 2782 annis
709 2719 785 2801 post
815 2716 901 2782 idem
933 2716 989 2781 ille
1020 2716 1101 2782 liber

95 2807 232 2887 captivis
256 2807 375 2871 missus
398 2808 495 2887 esset,
517 2805 702 2871 volneribus
725 2804 918 2889 mederetur,
941 2805 997 2869 sed
1020 2805 1102 2870 cica-

95 2892 237 2957 tricibus.
292 2892 418 2958 Sensim
451 2895 535 2959 enirn
566 2897 600 2958 et
629 2893 861 2978 pedetemptim
893 2893 1102 2978 progrediens

96 2982 287 3045 extenuatur
314 2980 418 3066 dolor,
444 3003 510 3046 non
538 3003 601 3066 quo
630 2982 702 3065 ipsa
728 3003 780 3046 res
806 2980 970 3045 immutari
1001 2981 1104 3047 soleat

96 3071 153 3131 aut
180 3067 297 3152 possit,
326 3069 382 3133 sed
407 3069 454 3152 id,
482 3070 566 3154 quod
593 3070 676 3134 ratio
706 3069 877 3152 debuerat;
902 3089 978 3134 usus
1001 3069 1104 3153 docet,

80 3155 222 3221 minora
245 3177 316 3220 esse
339 3179 391 3240 ea,
414 3178 495 3240 quae
518 3158 584 3222 sint
606 3158 677 3222 visa
699 3156 832 3222 maiora.
1114 3225 1122 3253 ι

162 3244 245 3320 Quid
282 3264 359 3328 ergo
396 3266 478 3327 opus
513 3248 576 3327 est,
608 3245 692 3309 dicet
723 3244 853 3328 aliquis,
889 3246 1014 3312 ratione
1047 3225 1156 3348 surg}

94 3332 226 3397 omnino
245 3331 468 3397 consolatione
485 3331 555 3414 illa,
574 3353 638 3416 qua
657 3333 798 3398 solemus
817 3333 878 3416 uti,
904 3355 978 3398 cum
995 3334 1103 3398 levare

95 3419 238 3485 dolorem
271 3418 485 3483 maerentium
516 3419 686 3485 volumus?
717 3419 780 3486 hoc
813 3420 898 3485 enim
935 3421 1002 3485 fere
1033 3425 1103 3484 tum

92 3505 251 3570 habemus
269 3507 304 3571 in
322 3510 485 3591 promptu,
502 3506 584 3572 nihil
604 3511 753 3591 oportere
771 3508 974 3592 inopinatum
989 3507 1102 3590 videri3
