2476 3848
477 191 719 256 -191-

93 330 218 395 ineerta
241 351 311 395 esse
335 328 458 414 dieunt,
481 330 527 394 sic
550 330 592 394 ab
615 330 666 395 his
691 319 917 395 dissentientes
941 330 1007 396 alia
1028 352 1102 416 pro

94 418 231 502 babilis,
258 420 372 483 eontra
399 417 465 482 alia
492 417 636 482 dicimus.
681 416 764 493 Quid
792 422 842 483 est
868 418 982 503 igitur,
1016 419 1136 503 quod8

94 528 146 571 me
163 506 320 590 impediat
338 527 385 589 ea,
404 527 485 589 quae
503 505 688 590 probabilia
706 506 786 569 mihi
804 506 982 589 videantur,
1001 507 1101 590 sequi,

95 608 177 678 quae
198 596 325 676 contra,
346 593 520 677 inprobare
544 596 641 677 atque
664 593 857 658 adfirmandi
879 595 1101 679 arrogantiam

93 682 254 746 vitantem
278 680 393 766 fugere
419 680 652 764 temeritatem,
685 703 767 766 quae
796 704 815 746 a
848 681 1007 765 sapientia
1039 682 1101 746 dis·

94 769 177 833 sidet
203 768 401 853 plurimum?
447 767 570 833 Contra
597 772 705 833 autem
734 769 842 834 omnia
870 770 1054 854 disputatur
1081 791 1101 834 a

93 856 224 941 nostris,
248 855 334 940 quod
356 855 419 921 hoc
436 856 544 940 ipsum
566 857 736 941 probabile
755 858 880 922 elucere
897 879 963 922 non
980 861 1100 942 posset,

93 945 157 1009 nisi
180 966 219 1008 ex
240 947 379 1028 utraque
400 948 494 1028 parte
517 965 685 1008 causarum
709 948 794 1009 esset
816 944 904 1010 facta
926 945 1099 1010 eontentio.

95 1031 157 1096 Sed
178 1033 259 1098 haee
281 1033 455 1117 explanata
482 1035 557 1095 sunt
583 1031 619 1095 in
640 1031 842 1097 Academicis
864 1034 986 1098 nostris
1010 1033 1099 1116 satis,

95 1125 132 1184 ut
155 1120 306 1204 arbitror,
328 1119 510 1206 diligenter.
536 1119 620 1183 ¹'libi
643 1124 761 1204 autem,
783 1120 829 1184 mi
847 1119 968 1203 Cicero,
991 1143 1100 1205 quam·

96 1231 194 1292 quam
215 1207 251 1272 in
269 1208 496 1293 antiquissima
513 1206 780 1292 nobilissimaque
798 1208 1007 1293 philosophia
1025 1207 1100 1273 Gra·

95 1297 187 1380 tippo
206 1298 336 1361 auctore
353 1295 493 1361 versaris
512 1294 552 1359 iis
572 1295 754 1379 simillimo,
779 1296 834 1379 qui
851 1297 916 1360 ista
934 1297 1101 1380 praeclara

95 1386 298 1468 pepererunt,
320 1387 430 1448 tamen
447 1382 527 1447 haec
545 1386 659 1447 nostra
675 1382 825 1447 finituma
845 1384 962 1447 vestris
985 1384 1100 1468 ignota

96 1493 166 1536 esse
188 1471 287 1536 nolui.
333 1469 395 1535 Sed
417 1470 483 1536 iam
506 1470 548 1534 ad
569 1470 722 1535 instituta
743 1491 925 1554 pergamus.
1000 1522 1002 1526 .

162 1558 309 1643 Quinque
335 1558 436 1644 igitur
463 1558 643 1622 rationibus
670 1557 848 1642 propositis
874 1557 972 1622 officii
994 1528 1139 1651 perse-3

96 1647 221 1732 quendi,
244 1668 380 1730 quarum
403 1646 484 1710 duae
506 1645 547 1709 ad
565 1645 659 1710 decus
677 1645 945 1729 honestatemque
963 1645 1100 1729 pertine-

95 1739 176 1818 rent,
200 1735 280 1798 duae
304 1734 345 1798 ad
363 1734 532 1799 commoda
549 1733 645 1817 vitae,
668 1733 787 1818 copias,
810 1755 897 1818 opes,
919 1732 1100 1816 facultates,

96 1823 209 1908 quinta
233 1821 274 1886 ad
296 1821 436 1906 eligendi
457 1821 619 1906 iudicium,
642 1821 821 1906 siquando
845 1843 896 1904 ea,
919 1843 1001 1905 quae
1025 1820 1099 1903 dixi,

94 1931 240 1996 pugnare
263 1909 350 1973 inter
373 1931 407 1973 se
429 1909 627 1993 viderentur,
649 1909 832 1975 honestatis
855 1931 930 1994 pars
954 1908 1101 1974 confecta

96 2003 159 2082 est,
188 2019 285 2082 quem
313 1997 442 2081 quidem
468 1997 530 2061 tibi
557 1999 649 2083 cupio
679 2021 748 2063 esse
770 1998 984 2064 notissimam.
1029 1995 1101 2061 Hoc

97 2091 214 2167 autem,
237 2084 276 2149 de
295 2106 358 2169 quo
376 2107 460 2150 nunc
479 2085 615 2171 agimus,
636 2085 670 2150 id
688 2087 795 2171 ipsum
814 2090 873 2168 est,
896 2085 981 2170 quod
1003 2084 1101 2149 utile

97 2173 291 2257 appellatur.
334 2171 374 2236 In
401 2194 464 2256 quo
491 2174 590 2238 verbo
617 2173 711 2258 lapsa
743 2174 938 2240 consuetudo
971 2172 1100 2238 deflexit

97 2260 135 2324 de
157 2259 212 2325 via
235 2260 416 2344 sensimque
444 2282 481 2325 eo
509 2260 646 2325 deducta
673 2264 736 2344 est,
763 2264 800 2325 ut
826 2261 1031 2325 honestatem
1059 2261 1100 2325 ab

96 2348 240 2413 utilitate
264 2369 429 2413 secernens
453 2348 664 2413 constitueret
683 2370 752 2413 esse
774 2349 947 2413 honestum
970 2348 1101 2432 aliquid,

97 2436 184 2521 quod
210 2435 290 2500 utile
316 2457 383 2500 non
410 2437 508 2517 esset,
536 2438 568 2498 et
595 2435 689 2519 utile,
717 2436 803 2519 quod
828 2457 894 2499 non
918 2436 1101 2518 honestum,
1194 2445 1198 2471 ¹

98 2547 162 2606 qua
177 2525 269 2588 nulla
286 2522 442 2607 pernicies
461 2522 565 2587 maior
578 2522 747 2587 hominum
760 2523 847 2587 vitas
863 2523 971 2607 potuit
985 2523 1101 2588 afferri.

97 2609 231 2676 Summa
248 2610 376 2695 quidem
395 2610 589 2675 auctoritate
611 2610 799 2695 philosophi
823 2632 931 2675 severe
955 2630 1031 2674 sane
1055 2612 1101 2672 at·
1121 2625 1154 2674 10

98 2722 159 2784 que
172 2700 308 2764 honeste
321 2698 401 2763 haec
418 2699 483 2762 tria
498 2719 617 2783 genera
631 2698 765 2762 confusa
779 2698 976 2781 cogitatione
990 2695 1101 2759 distin·

98 2792 209 2871 guunt.
243 2784 413 2870 [Quicquid
432 2786 517 2850 enim
534 2785 657 2850 iustum
676 2786 728 2867 sit,
750 2784 785 2848 id
807 2784 905 2848 etiam
928 2783 1008 2846 utile
1031 2804 1101 2847 esse

97 2877 237 2954 censent,
254 2874 396 2957 itemque
415 2873 501 2958 quod
518 2874 700 2956 honestum,
718 2872 804 2936 idem
821 2872 957 2954 iustum3
979 2891 1018 2933 ex
1037 2892 1100 2954 quo

97 2961 249 3045 efficitur,
276 2965 325 3044 ut,
354 2960 505 3045 quicquid
531 2961 704 3025 honestum
731 2959 788 3042 sit,
814 2958 899 3023 idem
927 2958 970 3023 sit
996 2958 1100 3039 utile]

97 3048 189 3125 Quod
207 3050 263 3133 qui
280 3070 395 3133 parum
413 3047 623 3133 perspiciunt,
640 3048 664 3111 ii
682 3069 778 3131 seepe
791 3049 940 3112 versutos
953 3047 1100 3111 homines

97 3142 130 3202 et
157 3137 292 3202 callidos
320 3136 516 3200 admirantes
545 3135 706 3200 malitiam
734 3134 927 3219 sapientiam
949 3135 1100 3200 iudicant.

97 3225 242 3301 Quorum
264 3245 354 3289 error
377 3222 559 3307 eripiendus
584 3227 634 3287 est
656 3223 829 3308 opinioque
846 3223 951 3288 omnis
970 3222 1011 3287 ad
1030 3245 1100 3287 earn

97 3335 187 3398 spem
209 3311 414 3394 traducenda,
435 3314 472 3375 ut
490 3311 637 3377 honestis
656 3310 799 3376 consiliis
820 3311 977 3395 iustisque
995 3310 1100 3394 factis,

95 3423 162 3466 non
183 3401 295 3466 fraude
319 3404 352 3465 et
374 3399 500 3464 melitis
523 3422 557 3465 se
579 3399 775 3485 intellegant
802 3420 853 3483 ea,
881 3420 962 3483 quae
990 3398 1100 3481 velint,

97 3489 249 3573 consequi
271 3509 375 3574 posse.
420 3485 509 3565 Quae
531 3509 609 3574 ergo
633 3487 674 3554 ad
696 3487 798 3552 vitam
820 3487 988 3551 hominum
1010 3489 1099 3550 tuen·
1120 3500 1150 3548 11
