2476 3848
542 167 783 232 -140-

165 355 264 416 quam
290 354 399 433 agere,
432 330 518 414 quod
549 330 640 395 dubit
626 334 676 394 tes
709 351 848 414 aequum
875 329 919 394 sit
946 351 989 395 an
1014 330 1171 431 iniquum.

165 421 323 505 Aequitas
342 419 427 484 enim
441 418 614 502 lucet1psa
627 439 685 503 per
699 439 742 502 se,
761 417 923 483 dubitatio
938 417 1172 503 cogitationem

166 508 360 595 significat'
341 497 497 571 miuriae.

114 567 156 630 10
231 593 294 660 Sed
311 595 456 660 incidunt
441 598 571 677 tsaepe
589 597 746 677 tempora,
769 614 907 676 cumea,
932 615 1013 677 quae
1031 594 1172 660 maxime

112 644 274 749 31vident
260 688 314 748 tur
336 683 435 768 digna
458 703 527 746 esse
550 681 636 745 iusto
659 680 789 746 homine
813 702 923 764 eoque,
947 703 1041 764 quem
1065 682 1172 747 virum

165 772 286 837 bonurn
314 771 462 853 dicimus,
489 791 616 834 commu
617 772 730 833 tantur
756 769 900 853 fiuntque
928 769 1105 853 contraria,
1134 774 1172 835 ut

165 859 296 924 reddere
325 858 520 943 depositum,
551 855 658 922 facere
688 857 898 941 promissum,
930 878 1074 940 quaeque
1101 879 1172 942 per·

165 947 271 1012 tinent
293 946 334 1011 ad
354 946 526 1011 veritatem
545 948 579 1008 et
597 945 638 1008 ad
655 943 760 1027 fidem,
784 966 822 1008 ea
844 945 985 1029 migrare
1007 944 1172 1010 interdum

165 1039 198 1098 et
220 1056 287 1099 non
309 1055 437 1099 servare
459 1033 498 1097 fit
516 1033 645 1096 iustum.
687 1031 813 1097 Referri
838 1033 924 1096 enim
946 1032 1037 1096 decet
1060 1033 1102 1097 ad
1124 1055 1172 1117 ea,

166 1144 247 1205 quae
274 1121 369 1207 posui
396 1121 569 1206 principio,
600 1119 809 1184 fundamenta
839 1119 997 1203 iustitiae,
1029 1121 1171 1205 primum

164 1215 259 1275 utne
278 1210 329 1275 oui
345 1212 509 1292 noceatur,
532 1207 645 1272 deinde
662 1212 700 1272 ut
718 1207 880 1272 communi
895 1207 1035 1272 utilitati
1053 1209 1171 1274 servia-

165 1302 227 1363 t.ur
252 1297 313 1363 Ea
335 1319 407 1362 cum
430 1301 575 1381 tempore
594 1298 843 1378 commutantur,
866 1299 1084 1361 commutatur
1102 1297 1171 1361 offi-

112 1402 145 1451 66
166 1386 251 1451 cium
273 1389 307 1449 et
327 1407 394 1450 non
416 1407 542 1469 semper
566 1386 615 1448 est
601 1383 731 1448 tidem
775 1383 889 1448 Pott
824 1387 889 1447 ttes
919 1384 1005 1448 enim
1028 1384 1170 1449 accidere

164 1473 361 1575 promissum
375 1473 552 1557 aliquodct
567 1475 770 1572 conventum,
787 1475 825 1536 ut
843 1471 876 1535 id
894 1471 979 1537 effici
998 1472 1042 1535 sit
1055 1473 1170 1537 inutile

164 1562 263 1627 vel
236 1584 274 1645 ei,
293 1562 344 1627 cui
361 1561 558 1645 promissum
577 1560 629 1643 sit,
650 1560 749 1624 vel
723 1581 761 1644 6ι,
780 1559 835 1643 qui
852 1558 1047 1644 promiserit.
1082 1559 1170 1624 Nam

165 1650 202 1734 si,
224 1654 261 1714 ut
283 1650 319 1714 1ιι
339 1648 460 1713 fabulis
484 1652 542 1730 est,
565 1647 745 1731 Neptunus,
769 1647 855 1730 quod
872 1647 997 1712 Theseo
1015 1647 1170 1732 promise·

164 1742 230 1819 rat,
256 1759 322 1802 non
347 1736 491 1819 fecisset
463 1698 659 1799 tT'heseus
687 1733 868 1819 Hippolyto
895 1735 964 1800 filio
991 1757 1058 1799 non
1084 1741 1170 1800 esset

165 1827 312 1908 orbatus3
335 1824 497 1888 extribus
517 1822 602 1887 enim
621 1823 753 1907 optatis,
774 1827 812 1886 ut
831 1823 992 1907 scribitur,
1014 1823 1076 1890 hoc
1098 1827 1170 1888 crat

164 1913 312 1994 tertium,
344 1911 430 1994 quod
459 1910 497 1974 de
524 1909 698 2010 Hippolyti
728 1910 863 1976 interitu
893 1911 997 1976 iratus
1029 1911 1170 1996 optavit·

165 2022 229 2084 quo
256 1998 466 2099 impetrato
457 2021 492 2061 ιιι
518 1997 676 2062 maximos
704 1999 771 2063 luct
757 2002 810 2063 tus
837 1998 960 2063 incidit
1002 1997 1071 2063 Nee
1096 2020 1169 2082 pro·

165 2087 265 2150 missa
286 2086 348 2171 igit
350 2108 388 2150 ur
334 2085 568 2150 tservanda
591 2089 666 2150 sunt
689 2108 742 2170 ea,
770 2109 852 2170 quae
880 2086 978 2151 sint
968 2086 1024 2170 1is,
1052 2087 1169 2171 quibus

164 2173 360 2259 promiseris,
383 2173 438 2238 inu
439 2173 521 2257 tilia,
541 2195 609 2274 nec,
633 2174 662 2238 si
682 2175 757 2259 plus
776 2175 837 2239 tibi
856 2197 895 2239 66
911 2178 1049 2240 noceant
1072 2196 1170 2259 quam

163 2262 215 2326 illi
236 2262 372 2346 prosint,
396 2262 447 2327 cui
468 2261 665 2347 promiseris,
691 2265 805 2327 contra
827 2262 969 2327 officium
992 2266 1042 2327 est
1065 2263 1169 2328 maius

165 2350 318 2434 anteponi
335 2349 466 2433 minori3
488 2353 534 2433 ut,
553 2349 581 2413 si
599 2350 805 2415 constitueris
823 2351 965 2436 cuipiam
984 2354 1018 2416 te
1037 2351 1170 2417 advoca·

164 2441 234 2502 tum
256 2437 291 2501 in
313 2459 382 2502 rem
404 2441 607 2521 praesentem
631 2459 700 2503 esse
722 2442 895 2504 venturum
917 2442 1015 2523 atque
1037 2439 1169 2504 interim

54 2563 57 2569 ·
164 2525 309 2610 graviter
332 2529 501 2610 aegrotare
523 2525 609 2590 filius
632 2525 787 2610 coeperit,
808 2548 875 2591 non
897 2526 941 2591 sit
964 2529 1077 2591 eontra
1100 2525 1169 2591 offi-

164 2613 249 2679 cium
270 2612 472 2697 nonfacere,
495 2613 581 2698 quod
604 2613 729 2696 dixeris,
753 2614 921 2699 magisque
938 2613 1004 2697 ille,
1027 2613 1078 2678 cui
1096 2635 1169 2698 pro-

163 2701 299 2766 missum
322 2701 375 2785 sit,
398 2702 438 2766 ab
463 2700 569 2766 officio
592 2700 748 2784 discedat,
772 2701 801 2765 si
823 2722 857 2766 se
880 2700 1072 2766 destitutum
1095 2723 1169 2785 que·

162 2795 215 2855 rat
217 2813 263 2854 ur.
298 2789 370 2854 Iam
387 2789 454 2853 illis
473 2788 692 2874 promissist
662 2810 677 2852 s
678 2788 813 2853 tandum
830 2810 895 2854 non
914 2810 984 2854 esse
1009 2790 1080 2875 quis
1103 2812 1169 2854 non

163 2878 266 2977 videt,
297 2899 379 2960 quae
407 2880 537 2942 coaetus
570 2876 641 2959 quis
670 2881 736 2941 met
737 2900 772 2959 u,
804 2898 886 2978 quae
914 2877 1066 2965 deceptus
1094 2878 1168 2942 dolo

163 2964 349 3047 promiserit
334 2965 370 3028 11
394 2986 475 3047 quae
495 2963 621 3047 quidem
639 2927 826 3048 pleraqde
816 2987 886 3031 mre
908 2967 1073 3052 praetorio
1092 2967 1169 3030 libe

164 3054 291 3133 rantur,
311 3073 379 3115 non
400 3051 491 3116 nulla
513 3052 651 3137 legibus.

109 3153 144 3202 aa
229 3101 383 3202 Existunt
407 3139 506 3203 etiam
529 3161 624 3224 saepe
642 3139 778 3205 iniuriae
798 3141 960 3208 calumnia
979 3141 1118 3225 quadam
1136 3143 1170 3203 61

162 3225 259 3290 nimis
283 3142 412 3308 callida,
434 3226 490 3291 scd
512 3227 708 3293 malitiosa
699 3227 837 3293 1urism
801 3228 995 3314 interpretat
961 3229 1078 3294 aione.
1117 3225 1169 3291 Ex

164 3335 227 3397 quo
254 3313 337 3378 illud
365 3310 605 3378 Summum
595 3337 654 3380 lus
687 3338 833 3382 summa
858 3316 1002 3382 iniuria
1008 3315 1169 3380 'factum

163 3401 244 3466 est
235 3424 368 3466 ramn
324 3405 368 3466 tn
359 3400 439 3465 tum
463 3423 609 3467 sermone
631 3404 856 3489 proverbium..
902 3402 1004 3478 Quo
993 3426 1029 3468 m
1052 3423 1169 3504 genere

162 3488 293 3556 etiam
283 3511 319 3555 ιιι
336 3510 371 3554 ι6
389 3489 520 3576 publica
537 3491 621 3555 mult
606 3493 642 3556 ta
661 3495 795 3578 peccant
796 3513 843 3578 ur,
864 3494 903 3557 ut
919 3491 986 3576 1116,
1008 3492 1074 3577 qui,
1096 3513 1170 3558 cum
