2476 3848
534 155 775 219 —424-

153 314 255 397 iisque
285 315 318 377 et
344 312 475 376 morbos
508 310 698 375 insanabilis
727 313 760 374 εὴ
788 310 915 375 dolores
946 310 1167 375 intolerabilis

153 401 364 484 adiunxisset,
392 398 517 464 animos
545 420 672 482 quoque
699 397 823 462 dederit
849 401 1075 481 etcorporum
1106 399 1164 464 do·

152 489 276 555 loribus
308 487 513 572 congruentis
547 490 579 551 et
610 485 786 569 separatim
819 485 885 549 suis
920 486 1095 570 angoribus
1130 491 1167 551 et

116 576 312 641 emolestiis
344 575 534 657 implicatos.
588 572 651 640 Sed
682 574 717 638 in
747 574 809 638 hoc
840 594 891 637 me
922 575 993 657 ipse
1025 575 1167 659 castigo,

153 665 238 748 quod
266 686 304 728 ex
331 664 467 728 aliorum
495 666 527 727 et
554 685 592 727 ex
614 665 725 726 nostra
746 661 885 726 fortasse
912 661 1064 745 mollitia,
1094 683 1165 728 non

153 775 191 817 ex
209 753 281 836 ipsa
299 751 427 834 virtute,
445 751 484 814 de
497 751 628 815 virtutis
646 751 763 814 robore
782 749 951 813 existumo.
984 748 1046 813 Illa
1064 751 1166 835 enim,

152 841 181 906 si
204 839 298 904 modo
318 842 367 904 est
385 839 452 902 ulla
470 838 587 920 virtus,
610 859 705 921 quam
725 837 961 902 dubitationem
982 838 1166 904 avunculus

151 931 241 1009 tuus,
263 925 376 1008 Brute,
400 926 543 1004 sustulit,
567 925 687 1008 omnia,
710 946 792 1008 quae
811 925 923 989 cadere
944 924 1165 991 inhominem

151 1018 302 1100 possunt,
326 1015 437 1078 subter
460 1035 493 1077 se
521 1013 620 1077 babet
642 1033 741 1096 eaque
769 1012 946 1096 despiciens
970 1035 1062 1077 casus
1085 1036 1161 1079 con·

151 1103 269 1167 temnit
303 1102 463 1165 humanos
499 1102 654 1184 culpaque
688 1100 776 1164 omni
813 1122 923 1164 carens
960 1104 1089 1184 praeter
1126 1124 1165 1167 se

151 1191 258 1273 ipsam
279 1190 362 1253 nihil
381 1193 490 1254 censet
512 1189 552 1254 ad
576 1211 609 1253 se
628 1189 798 1272 pertinere.
833 1187 903 1253 Nos
922 1193 1030 1253 autem
1049 1191 1167 1256 omnia

152 1277 287 1343 adversa
314 1300 386 1343 cum
412 1277 575 1341 venientia
602 1280 690 1340 metu
718 1280 886 1360 augentes,
912 1280 982 1340 tum
1013 1299 1165 1344 maerore

152 1367 335 1451 praesentia
371 1387 478 1445 rerum
513 1368 663 1428 naturam
699 1386 795 1448 quam
835 1385 976 1429 errorem
1010 1370 1165 1432 nostrum

153 1455 304 1519 damnare
327 1454 496 1517 malumus.

220 1538 281 1606 Sed
304 1545 337 1607 et
358 1541 454 1605 huius
477 1541 591 1623 culpae
614 1544 647 1604 et
667 1543 846 1606 ceterorum
868 1543 1021 1605 vitiorum
1047 1563 1161 1624 pecca·

152 1634 322 1714 torumque
357 1633 541 1695 nostrorum
579 1628 682 1692 omnis
721 1651 740 1692 a
775 1628 984 1713 philosophia
1020 1630 1166 1712 petenda

153 1719 309 1782 correctio
333 1721 390 1781 est.
427 1714 526 1781 Cuius
549 1716 583 1780 in
606 1717 711 1779 sinum
734 1738 807 1780 cum
830 1738 849 1779 a
870 1717 984 1799 primis
1006 1719 1165 1800 tempori-

153 1806 213 1870 bus
242 1805 359 1869 aetatis
386 1809 499 1869 nostra
524 1805 675 1869 voluntas
704 1804 907 1888 studiumque
933 1826 994 1868 nos
1027 1826 1166 1888 compu-

153 1893 258 1975 lisset,
280 1892 331 1956 his
356 1892 557 1976 gravissimis
581 1891 708 1954 casibus
730 1891 764 1954 in
788 1893 923 1955 eundem
945 1896 1089 1975 portum,
1121 1915 1164 1958 ex

153 2002 216 2064 quo
248 2001 374 2043 eramus
407 1979 539 2062 egressi,
571 1998 690 2061 magna
720 1978 833 2043 iactati
863 1982 1054 2063 tempestate
1085 2002 1165 2046 con·

153 2067 304 2150 fugimus.
355 2065 382 2131 Ο
409 2068 494 2130 vitae
521 2065 729 2148 philosophia
758 2066 834 2147 dux,
862 2089 880 2131 o
908 2067 1038 2132 virtutis
1069 2068 1164 2133 inda·

154 2155 260 2237 gatrix
297 2153 520 2236 expultrixque
555 2153 723 2217 vitiorum!
756 2154 833 2237 quid
864 2177 929 2219 non
961 2156 1056 2220 modo
1089 2178 1166 2236 nos,

154 2241 209 2305 sed
233 2241 362 2306 omnino
392 2242 460 2306 vita
482 2241 649 2305 hominum
672 2242 740 2305 sine
768 2245 800 2305 te
825 2263 894 2307 esse
916 2243 1098 2327 potuisset?
1122 2249 1165 2311 tu

153 2329 244 2394 urbis
271 2329 439 2413 peperisti,
466 2333 502 2394 tu
530 2329 703 2413 dissipatos
729 2330 878 2395 homines
904 2331 938 2396 in
971 2331 1164 2397 societatem

154 2417 240 2482 vitae
273 2417 469 2500 convocasti,
505 2421 541 2481 tu
573 2438 635 2482 eos·
659 2418 744 2481 inter
776 2439 825 2483 se
841 2419 945 2502 primo
978 2418 1166 2506 domiciliis,

154 2507 267 2571 deinde
282 2506 450 2590 coniugiis,
467 2509 537 2569 tum
555 2506 735 2569 litterarum
752 2508 785 2569 et
803 2528 916 2571 vocum
934 2507 1166 2574 communione

153 2594 299 2677 iunxisti,
326 2597 362 2657 tu
388 2593 549 2657 inventrix
576 2593 698 2677 legum,
725 2597 761 2656 tu
788 2594 944 2677 magistra
972 2616 1099 2659 morum
1127 2601 1167 2663 et

155 2682 343 2765 disciplinae
365 2681 469 2765 fuisti3
493 2679 534 2744 ad
555 2684 588 2744 te
612 2681 827 2764 confugimus,
855 2703 874 2744 a
902 2685 934 2744 te
957 2704 1051 2766 opem
1078 2682 1164 2766 peti·

154 2792 239 2852 mus,
270 2769 332 2833 tibi
359 2790 433 2852 nos,
464 2772 501 2832 ut
527 2772 622 2832 antea
648 2789 768 2853 magna
795 2790 834 2832 ex
862 2772 967 2852 parte,
997 2770 1043 2834 sic
1071 2792 1164 2838 nunc

154 2859 282 2939 penitus
305 2860 455 2940 totosque
477 2856 644 2920 tradimus.
679 2856 741 2920 Est
760 2860 866 2921 autem
884 2879 966 2921 unus
990 2857 1056 2922 dies
1076 2859 1166 2925 bene

155 2948 187 3008 et
206 2968 244 3009 ex
266 2945 445 3028 praeceptis
463 2944 528 3008 tuis
547 2947 636 3008 actus
655 2945 802 3027 peccanti
821 2944 1051 3010 inmortalitati
1070 2950 1164 3010 ante-

154 3032 328 3114 ponendus
374 3030 473 3097 Cuius
499 3031 599 3115 igitur
626 3032 735 3114 potius
764 3032 878 3114 opibus
906 3035 1035 3096 utamur
1061 3055 1165 3117 quam

155 3120 234 3201 tuis,
258 3142 337 3203 quae
361 3123 394 3183 et
416 3121 501 3184 vitae
523 3119 792 3202 tranquillitatem
815 3120 933 3204 largita
950 3121 1044 3185 nobis
1068 3142 1103 3185 es
1128 3127 1167 3188 et

120 3209 309 3275 aterrorem
342 3208 455 3272 mortis
488 3206 671 3272 sustulisti?
715 3207 764 3271 Ac
795 3207 1002 3291 philosophia
1029 3208 1165 3292 quidem

155 3297 281 3358 tantum
310 3295 402 3358 abest
427 3299 464 3359 ut
488 3295 639 3378 proinde,
671 3316 708 3359 ac
740 3295 779 3359 de
810 3295 978 3360 hominum
1011 3299 1061 3361 est
1091 3297 1168 3362 vita

155 3382 284 3464 merita,
316 3383 476 3464 laudetur,
507 3386 546 3447 ut
577 3405 596 3446 a
626 3383 786 3467 plerisque
817 3384 965 3468 neglecta
997 3406 1016 3448 a
1048 3385 1167 3451 multis

92 3470 253 3634 'etiam
267 3471 474 3552 vituperetur.
502 3470 692 3554 Vituperare
707 3471 876 3556 quisquam
889 3472 973 3536 vitae
991 3475 1167 3555 parentem

113 1511 134 1638 Ξ
