2476 3848
544 146 784 212 -488-

205 298 385 367 Existere
407 302 505 368 ictos
528 301 639 366 iindis
663 300 997 384 concursantibus,

206 388 293 454 Nisi
316 391 409 473 quas
431 389 633 454 terrestris
656 389 797 473 pontus
819 391 974 473 strages
998 387 1171 474 conciet,

207 477 284 542 Aut
304 478 406 541 forte
429 475 566 541 Triton
587 476 742 541 fuscina
765 479 941 540 everte‘ns
965 497 1102 559 specus

207 562 346 629 Subte‘r
368 564 518 629 radices
540 563 697 646 pe‘nitus
720 563 882 627 undanti
904 561 944 627 r'n
964 563 1068 628 freto

206 651 344 717 Molem
367 655 409 716 ex
432 651 622 735 profundo
646 651 801 716 saxeam
824 650 869 715 ad
887 652 1034 716 caelum
1053 652 1170 717 eruit

162 756 300 821 Dubitat
321 756 435 839 primo,
458 777 539 839 quae
563 755 607 819 sit
629 777 668 821 ea
689 760 815 839 natura,
839 777 936 839 quam
954 756 1058 821 cernit
1074 757 1171 843 igno

163 850 247 939 tarn⁸
263 843 409 928 idemque
427 843 596 908 iuvenibus
615 843 695 908 visis
714 843 887 927 auditoque
904 843 1034 909 nautico
1053 849 1171 910 cantu:

207 946 350 1031 †Sieut
380 948 494 1013 inciti
525 951 640 1032 atque
674 948 821 1012 alacres
848 947 991 1012 rostris
1019 948 1171 1032 parfre-

207 1118 393 1205 Delphr'ni
415 1121 545 1204 †item
568 1113 646 1188 alia
668 1039 965 1189 mullildubilrani
986 1122 1107 1187 melo·

209 1207 457 1274 Consimilem
499 1211 544 1274 ad
584 1233 694 1275 aures
736 1212 884 1361 qa'erqqrrrqn
921 1213 957 1274 et
993 1210 1171 1276 auditum

111 1418 147 1468 90
164 1403 254 1488 Ergo
281 1407 319 1468 ut
344 1403 397 1467 hic
424 1404 528 1487 primo
557 1406 689 1488 aspectu
716 1403 895 1466 inanimum
923 1403 1076 1487 quiddam
1098 1425 1172 1468 sen-

166 1513 266 1573 suque
295 1513 432 1556 vacuum
463 1512 496 1555 se
525 1494 621 1575 putat
649 1512 792 1574 cernere,
821 1494 897 1574 post
928 1495 1036 1555 autem
1064 1490 1170 1576 signis

166 1579 369 1662 certioribus,
400 1579 494 1663 quale
517 1578 561 1642 sit
582 1578 629 1661 id,
656 1578 695 1643 de
723 1599 785 1661 quo
809 1577 1027 1662 dubitaverat,
1051 1578 1172 1663 incipit

166 1667 336 1749 suspicari,
363 1667 410 1731 sic
436 1666 623 1751 philosophi
650 1665 840 1749 debuerimt,
868 1665 896 1728 si
917 1665 1002 1730 forte
1025 1687 1080 1730 eos
1103 1667 1171 1750 pri-

166 1774 237 1817 mus
257 1757 405 1837 aspectus
424 1754 535 1817 mundi
553 1754 811 1836 conturbaverat,
833 1757 956 1837 postea,
979 1775 1052 1818 cum
1070 1753 1170 1818 vidis·

166 1845 238 1905 sent
265 1845 371 1905 motus
399 1841 467 1905 eius
494 1841 603 1906 finitos
626 1844 659 1905 et
683 1841 866 1925 aequabiles
890 1842 1061 1924 omniaque
1084 1843 1169 1906 ratis

167 1928 331 1994 ordinibus
359 1928 525 1993 moderata
551 1929 796 2011 inmutabilique
819 1930 1016 2012 constantia,
1041 1929 1172 1993 intelle

166 2035 241 2099 gere
271 2017 376 2079 inesse
407 2016 548 2098 aliquem
574 2037 640 2080 non
667 2016 772 2081 solum
798 2016 1017 2080 habitatorem
1043 2015 1080 2079 in
1106 2016 1172 2082 hac

166 2102 298 2166 caelesti
326 2124 363 2166 ac
390 2102 498 2167 divina
525 2103 633 2186 domo,
663 2101 719 2168 sed
746 2104 845 2168 etiam
867 2108 1024 2168 rectorem
1045 2106 1080 2167 et
1101 2125 1172 2169 mo-

166 2189 347 2252 deratorem
375 2192 408 2253 et
434 2193 601 2274 tamquam
626 2189 837 2256 architectum
859 2192 944 2256 tanti
966 2190 1074 2276 operis
1097 2194 1172 2256 tan-

113 2289 156 2353 36
166 2277 256 2360 tique
283 2277 433 2341 muneris.
477 2276 572 2342 Nunc
600 2282 707 2343 autem
730 2279 811 2343 mihi
832 2278 981 2344 videntur
1003 2300 1043 2342 ne
1066 2278 1173 2364 suspi-

167 2365 234 2430 cari
251 2364 389 2448 quidem,
408 2369 529 2448 quanta
547 2366 591 2430 sit
609 2366 843 2431 admirabilitas
858 2365 1047 2433 caelestium
1060 2387 1174 2432 rerum

168 2456 264 2536 atque
287 2455 497 2517 terrestrium

102 2554 148 2603 ‚91
233 2540 395 2625 Principio
428 2541 512 2605 enim
539 2545 627 2606 terra
654 2542 719 2607 sita
744 2542 780 2605 in
807 2542 913 2606 media
938 2545 1031 2626 parte
1057 2542 1174 2607 mundi

168 2627 362 2693 oucumfusa
390 2629 529 2713 undique
557 2633 607 2693 est
633 2629 694 2694 hac
723 2628 857 2693 animali
880 2629 1090 2713 spirabilique
1113 2650 1173 2694 na»

166 2719 253 2798 tura,
280 2717 331 2780 cui
353 2738 471 2781 nomen
494 2720 544 2780 est
567 2721 634 2801 atr,
658 2715 817 2781 Graecum
838 2716 919 2780 illud
941 2717 1083 2801 quidem,
1112 2717 1174 2783 sed

166 2807 355 2888 perceptum
377 2805 443 2868 iam
465 2807 575 2868 tamen
597 2826 657 2868 usu
680 2827 700 2868 a
720 2804 855 2886 nostris3
878 2804 993 2868 tritum
1014 2807 1066 2866 est
1083 2805 1176 2869 enim

166 2913 226 2973 pro
244 2890 370 2955 Latine.
401 2891 497 2956 Hune
514 2913 624 2956 rursus
643 2892 850 2975 amplectitur
868 2892 1032 2956 inmensus
1048 2891 1176 2977 aether,

168 3086 229 3147 que
257 3066 404 3149 verbum,
431 3067 618 3148 dicaturque
646 3070 714 3130 tam
744 3065 886 3131 ‘aether’
916 3065 1044 3150 Latine,
1072 3087 1178 3150 quam

168 3151 285 3215 dicitur
308 3158 372 3236 abr,
395 3154 457 3217 etsi
478 3154 711 3237 interpretatur
733 3152 908 3219 Pacuvius:

232 3255 326 3338 Hoc,
358 3258 456 3340 quod
488 3279 668 3343 memoro,
703 3259 832 3323 nostri
864 3259 1026 3342 caelum,
1062 3256 1180 3328 Graii

713 3430 722 3445 ¹
745 3346 955 3430 perhibent
978 3345 1159 3433 aethera3

67 3494 148 3624 ·
167 3449 262 3532 quasi
285 3470 362 3515 vero
384 3470 451 3513 non
465 3448 581 3516 Graius
604 3451 666 3516 hoc
689 3451 782 3516 dicat.
818 3451 864 3515 At
882 3450 997 3517 Latine
1019 3451 1181 3535 loquitur.
