2476 3848
556 158 708 224 -560
757 194 796 204 -

168 317 246 383 tatis
271 315 463 401 aequabilis,
487 320 558 382 eret
579 337 679 401 penes
697 316 862 401 principes
886 320 957 382 tots
979 317 1185 403 respublica

166 406 362 489 praepositis
385 405 489 470 xviris
516 406 743 487 nobilissimis·7
766 427 833 470 non
856 405 1017 490 oppositis
1041 407 1184 472 tribunis

165 494 217 578 pl.,
245 494 347 559 nullis
371 493 444 559 aliis
468 493 630 559 adiunctis
654 493 916 580 magistratibus,
938 517 1005 560 non
1027 516 1186 578 provoca·

166 580 257 647 tione
290 583 332 648 sd
363 583 520 666 populum
552 590 664 647 contre
694 605 806 648 necem
837 587 869 648 et
897 584 1032 649 verbere
1059 583 1185 648 relicta.

114 687 148 737 ss
167 670 257 754 Ergo
285 671 403 735 horum
430 691 468 735 ex
495 670 658 735 iniustitia
686 672 793 736 subito
817 677 931 737 exorte
960 674 1010 737 est
1040 672 1186 736 maxime

167 759 370 845 perturbatio
404 761 437 823 et
469 759 570 824 totins
608 760 820 824 commutatio
852 761 900 824 rei
931 760 1094 845 publicee3
1128 761 1185 844 qui

168 848 293 913 duabus
334 846 456 912 tabulis
497 847 681 931 iniquarum
722 848 832 932 legum
878 847 1015 933 additis,
1058 847 1185 932 quibus,

169 935 267 1002 etism
299 957 381 1021 quse
414 935 567 1000 diiunctis
599 935 729 1020 populis
762 935 863 1000 tribui
896 936 1003 1001 solent
1035 936 1185 1022 conubia,

168 1024 248 1090 hoec
271 1025 319 1088 illi
343 1029 380 1088 ut
397 1045 438 1088 ne
455 1024 564 1108 plebei
582 1045 654 1089 cum
672 1023 821 1108 patribus
845 1029 963 1108 essent,
980 1024 1185 1089 inhumanis·

170 1114 253 1178 sime
275 1113 348 1198 legs
372 1116 561 1195 sanxerunt,
589 1134 671 1197 quse
698 1116 813 1197 postes
840 1113 1052 1196 plebeiscito
1077 1110 1184 1178 Oenu-

167 1201 231 1265 leio
250 1201 410 1287 abrogata
424 1203 484 1285 est,
503 1200 738 1286 libidinoseque
757 1201 846 1266 omni
864 1201 1002 1284 imperio
1017 1205 1050 1265 et
1070 1201 1185 1265 acerbe

168 1293 201 1354 et
229 1311 324 1355 avere
351 1290 472 1373 populo
505 1289 723 1374 praefusnmt.
772 1288 861 1354 Noto
888 1290 1011 1355 scilicet
1041 1290 1101 1354 ills
1128 1311 1183 1355 res

168 1382 201 1441 et
233 1378 398 1443 celebrate
434 1379 652 1443 monumentis
688 1378 837 1463 plurimis
873 1378 1072 1461 litterarum,
1109 1401 1184 1444 oum

167 1466 318 1530 Decimus
352 1467 482 1550 quidem
513 1466 690 1553 Verginius
723 1466 882 1552 virginem
914 1468 1017 1532 filism
1048 1470 1184 1551 propter

167 1555 263 1619 unius
291 1576 330 1619 ex
357 1554 423 1619 illis
451 1556 554 1622 xviris
582 1555 806 1639 intemperiem
834 1555 867 1620 in
897 1555 968 1620 foro
997 1577 1056 1621 sus
1084 1577 1183 1621 manu

167 1642 386 1709 interemisset
405 1666 442 1709 sc
461 1665 607 1709 maerens
628 1645 667 1709 ed
687 1643 871 1729 exereitum,
890 1645 944 1729 qui
963 1648 1033 1710 tum
1053 1649 1124 1709 erat
1147 1644 1182 1707 in

167 1729 296 1816 Algido,
320 1732 531 1819 confugisset,
554 1733 675 1798 milites
694 1732 815 1797 bellum
841 1732 928 1817 illud,
951 1733 1036 1818 quod
1060 1733 1183 1796 eratin

168 1820 329 1902 manibus,
351 1820 522 1906 reliquisse
546 1824 579 1885 et
600 1822 740 1905 primum
765 1825 910 1886 montem
934 1843 1074 1905 ssorum,
1099 1821 1184 1886 siout

168 1911 238 1972 eret
262 1909 296 1972 in
320 1908 420 1973 simili
443 1930 541 1973 causa
564 1913 659 1974 entes
683 1910 820 1993 factum,
844 1908 956 1972 deinde
980 1908 1183 1975 Aventinum

168 2001 304 2062 armatos
325 1998 479 2063 insedisse.
