2476 3848
543 180 784 244 -408-

161 364 376 426 maereamus,
395 342 449 407 sed
468 345 505 406 ut
522 362 706 425 numquam.
743 338 856 425 Neque
874 341 968 426 enim,
987 342 1042 427 qui
1060 363 1172 408 rerum
1202 365 1205 369 ·

160 437 329 513 naturam,
370 429 425 514 qui
461 429 548 493 vitae
585 427 791 511 varietatem,
827 429 885 512 qui
921 429 1173 495 inbecillitatem

161 520 287 605 generis
318 515 451 581 humani
483 515 623 600 cogitat,
654 520 789 599 maeret,
821 538 893 581 cum
925 516 1004 583 haec
1036 519 1175 604 cogitat,

161 607 217 671 sed
255 610 326 670 tum
361 604 413 669 vel
449 604 589 668 maxime
625 603 804 686 sapientiae
847 604 993 688 fungitur
1028 627 1173 671 munere.

161 694 341 778 Utrumque
360 692 447 756 enim
465 693 683 775 consequitur,
705 695 794 755 utet
813 693 1049 759 considerandis
1071 695 1172 759 rebus

162 783 311 847 humanis
339 780 472 864 proprio
504 779 730 864 philosophiae
760 779 886 843 fruatur
917 781 1024 846 officio
1052 785 1085 846 01
1116 783 1172 847 ad·

160 871 263 935 versis
290 870 418 935 casibus
450 867 572 952 triplici
604 867 824 932 consolatione
856 871 998 946 sanetur,
1027 869 1172 952 primum

161 958 246 1043 quod
268 979 364 1041 posse
389 957 529 1021 accidere
552 955 607 1020 diu
629 955 798 1040 cogitavit,
821 976 904 1039 quae
925 957 1080 1041 cogitatio
1104 980 1173 1028 una

161 1046 300 1110 maxime
331 1045 498 1110 molestias
531 1044 635 1108 omnis
667 1047 819 1108 extenuat
850 1046 883 1107 et
914 1042 1021 1127 diluit,
1053 1045 1171 1110 deinde

160 1134 246 1218 quod
282 1133 425 1197 humana
463 1131 597 1197 hamane
630 1131 762 1197 ferenda
786 1130 968 1216 intellegit,
1003 1136 1171 1216 postremo

161 1221 247 1306 quod
273 1220 362 1285 videt
389 1220 511 1285 malum
538 1221 663 1284 nullum
690 1241 760 1284 esse
782 1219 846 1284 nisi
871 1221 1012 1304 culpam,
1040 1221 1171 1304 culpam

161 1313 269 1375 autem
299 1307 422 1372 nullam
455 1327 538 1391 esse,
571 1330 643 1372 cum
675 1307 721 1390 id,
753 1307 838 1392 quod
870 1308 911 1372 ab
944 1307 1076 1373 homine
1102 1331 1171 1374 non

110 1419 143 1468 30
161 1396 305 1481 potuerit
323 1397 496 1480 praestari,
515 1396 664 1460 evenerit
700 1393 786 1460 Nam
803 1395 965 1460 revocatio
984 1396 1051 1479 illa,
1071 1399 1170 1480 quam

161 1485 279 1569 adfert,
302 1505 374 1549 cum
398 1506 419 1549 a
440 1484 629 1548 contuendis
648 1501 707 1548 nos
728 1483 823 1547 malis
846 1487 974 1566 avocat,
996 1484 1085 1548 nulla
1109 1488 1169 1550 ast.

161 1573 237 1639 Non
268 1577 319 1638 est
351 1572 436 1637 enim
468 1572 501 1636 in
533 1576 650 1636 nostra·
680 1574 840 1655 potestate
876 1570 1093 1636 fodicantibus
1125 1573 1168 1638 iis

160 1663 270 1744 rebus,
302 1683 381 1745 quas
413 1660 516 1724 males
550 1681 619 1724 esse
651 1659 829 1742 opinemur,
868 1659 1084 1724 dissimulatio
1116 1662 1169 1725 vel

161 1751 295 1833 oblivio3
327 1749 483 1830 lacerant,
515 1750 645 1830 vexant,
677 1746 826 1812 stimulos
859 1746 1044 1830 admovent,
1080 1747 1168 1832 ignis

161 1838 328 1919 adhibent,
350 1836 509 1919 respirare
531 1857 597 1898 non
620 1834 738 1898 sinunt.
775 1835 820 1898 Et
842 1839 880 1899 tu
898 1835 1044 1899 oblivisci
1066 1835 1171 1921 iubes,

161 1927 247 2011 quod
269 1929 383 1989 contra
405 1927 556 1987 naturam
581 1925 645 2004 est,
672 1921 739 2004 qui,
766 1923 848 2002 qood
873 1943 892 1985 a
917 1926 1033 1986 natura
1055 1923 1169 1988 datum

161 2018 223 2096 001,
247 2012 401 2077 auxilium
421 2013 609 2090 extorqueas
628 2009 798 2088 inveterati
818 2009 961 2074 doloris?
997 2009 1059 2074 Est
1081 2013 1169 2076 enim

160 2101 254 2165 tarda
277 2099 333 2163 illa
355 2096 484 2179 quidem
507 2094 677 2177 medicina,
701 2096 756 2159 sed
777 2099 888 2161 tamen
911 2118 1043 2182 magna,
1068 2119 1168 2182 quam

160 2187 265 2252 adfert
286 2183 508 2266 longinquitas
532 2185 566 2244 et
588 2182 663 2246 dies.
708 2181 804 2248 Iubes
827 2206 879 2249 me
904 2185 992 2250 bona
1014 2186 1169 2272 cogitare,

160 2271 309 2338 oblivisci
329 2270 498 2333 malorum.
534 2268 665 2334 Diceres
684 2270 821 2354 aliquid,
844 2275 877 2335 et
894 2294 1012 2358 magno
1036 2275 1169 2358 quidem

158 2356 352 2444 philosopho
370 2355 530 2457 dignum,
563 2359 591 2422 si
623 2379 662 2422 ea
689 2359 776 2423 bona
803 2373 872 2423 esse
902 2360 1052 2444 sentires,
1084 2385 1170 2447 quae

108 2443 714 2614 1768881111ὲὲἒὲ(1111181111110101
737 2538 795 2599 aut
812 2532 960 2600 Socrates
984 2540 1042 2601 aut
1060 2537 1169 2605 Plato:

105 2587 140 2637 ³⁰
160 2617 264 2694 ‘Quid‘
281 2619 366 2683 iaces
386 2622 443 2683 aut
465 2620 541 2703 quid
558 2642 681 2714 maeres
701 2627 757 2686 aut
779 2644 835 2686 cur
859 2625 1041 2690 succumbis
1064 2626 1170 2691 cedis·

158 2728 219 2791 que
242 2707 415 2771 fortunae?
444 2728 525 2791 quae
547 2709 726 2790 pervellere
748 2713 782 2774 te
804 2710 945 2776 forsitan
967 2713 1113 2796 potuerit
1134 2720 1171 2780 01

158 2815 313 2879 pungere,
335 2816 400 2858 non
423 2795 530 2876 potuit
552 2800 638 2860 certe
661 2798 746 2861 vires
769 2797 928 2884 frangere.
972 2799 1093 2884 Magna
1116 2802 1169 2867 vis

158 2887 208 2946 est
234 2884 269 2946 in
298 2883 485 2964 virtutibus,
513 2904 566 2947 eas
591 2885 709 2967 excita,
737 2885 765 2948 si
787 2885 872 2950 forte
894 2887 1071 2972 dormiunt;
1099 2889 1170 2956 iam

157 2969 219 3033 tibi
247 2971 350 3034 aderit
376 2970 525 3053 princeps
552 2970 724 3056 fortitudo,
756 2994 837 3056 quae
868 2979 902 3038 te
934 2976 1043 3041 animo
1073 2979 1169 3043 tanto

65 3116 69 3123 .
157 3077 226 3119 esee
253 3063 361 3141 coget,
389 3062 426 3122 ut
453 3058 573 3140 omnia,
607 3081 689 3143 quae
720 3061 845 3143 possint
873 3062 999 3128 homini
1031 3065 1170 3150 evenire,

157 3146 343 3208 contemnas
376 3148 409 3209 et
439 3168 499 3228 pro
531 3146 634 3211 nihilo
667 3152 776 3232 putes3
808 3150 911 3214 aderit
942 3153 1171 3239 temperantia,

157 3250 239 3314 quae
267 3237 317 3295 est
345 3233 456 3297 eadem
479 3234 672 3318 moderatio,
701 3257 722 3300 a
744 3258 795 3301 me
819 3239 948 3320 quidem
970 3240 1068 3322 paulo
1083 3245 1170 3306 anta

157 3317 320 3400 appellata
337 3320 516 3404 frugalitas,
535 3341 617 3405 quae
635 3327 669 3387 10
686 3324 827 3406 turpiter
845 3329 877 3388 01
894 3327 1042 3410 nequiter
1059 3328 1171 3395 facere

155 3404 239 3469 nihil
267 3405 417 3489 patietur.
467 3408 550 3484 Quid
578 3413 629 3475 est
656 3414 763 3475 autem
790 3414 925 3497 nequius
953 3418 1011 3479 aut
1039 3418 1171 3499 turpius

92 3494 347 3634 .ecfeminato
380 3493 471 3558 viro?
524 3494 574 3560 Na
606 3497 734 3562 iustitia
764 3499 893 3583 quidem
924 3501 1007 3574 sinet
1037 3506 1071 3568 te
1102 3505 1173 3572 ista
