2476 3848
389 151 630 217 -566-

7 312 70 377 (lux
102 316 136 377 et
166 312 315 397 princeps
345 315 379 375 et
407 311 592 376 moderator
617 311 775 391 luminum
802 310 1012 395 reliquorum,

7 421 97 465 mens
132 400 243 465 mundi
274 404 307 463 et
337 400 545 483 temperatio,
580 403 674 463 tanta
705 398 940 485 magnitudino,
972 403 1011 463 ut

7 492 123 553 cuncta
145 509 204 552 sua
226 488 296 551 luce
314 487 433 552 lustret
452 491 484 550 et
503 487 671 572 compleat.
707 485 802 551 Hunc
820 490 857 551 ut
875 486 1011 551 comites

7 579 246 660 consequuntur
269 574 403 639 Veneris
427 576 523 658 alter,
549 576 633 639 alter
654 574 806 639 Mercurii
828 594 954 657 cursuS,
974 574 1011 639 in

6 664 180 747 infimoque
210 663 287 728 orbe
314 664 391 726 luna
418 663 516 727 radiis
545 663 623 727 solis
647 684 780 728 accensa
801 661 1011 727 conuertitur.
1086 688 1090 695 ·

7 750 97 815 Infra
127 755 235 816 autem
262 751 328 815 iam
354 750 435 813 nihil
462 754 512 814 est
538 751 603 814 nisi
630 751 768 815 mortale
795 754 829 814 et
855 750 1009 815 caducum

8 844 138 922 praeter
165 839 289 903 animos
317 860 448 902 munere
476 838 609 902 deorum
633 837 800 902 hominum
824 838 935 923 generi
957 837 1011 901 da·

7 931 69 1009 tos,
92 948 191 1010 supra
213 926 324 990 lunam
347 930 422 990 sunt
442 930 574 990 aeterna
594 926 711 990 omnia.
746 923 833 989 Nam
856 947 904 1008 ca,
928 945 1011 1009 quae

8 1019 59 1079 est
85 1014 250 1078 mediat
217 1018 250 1077 et
276 1034 376 1097 nona,
404 1013 517 1097 tellus,
543 1034 647 1114 neque
674 1016 822 1078 movetur
844 1015 876 1076 et
898 1012 1012 1077 infima

4 1105 164 1239 (5),etest
132 1101 222 1165 ein
244 1122 316 1164 eam
338 1100 447 1165 ferunt
432 1104 486 1165 tur
509 1103 618 1166 omnia
638 1104 720 1165 nutu
743 1122 800 1166 suo
822 1099 975 1184 pondera

36 1151 202 1263 >Quae
225 1209 298 1252 cum
315 1188 458 1253 intuerer
477 1193 620 1291 stupens,
642 1193 680 1253 ut
697 1210 748 1253 me
766 1188 881 1274 recepi,
904 1186 1010 1263 Quid?

4 1170 110 1360 iric,
101 1298 247 1359 mquam,
275 1276 347 1359 quis
374 1282 437 1361 est,
464 1278 520 1361 qui
547 1277 677 1363 conplet
704 1297 798 1341 aures
825 1297 913 1340 meas
941 1278 1012 1339 tau·

7 1369 61 1429 tus
89 1367 217 1428 ettam
244 1363 346 1429 dulcis
376 1366 496 1429 sonus?
536 1365 599 1430 Hic
621 1368 685 1447 est,
711 1364 831 1447 inquit,
857 1363 928 1447 ille,
954 1361 1012 1446 qui

7 1452 190 1517 intervallis
220 1452 398 1517 disiunctus
425 1452 607 1537 inparibus,
636 1451 692 1516 sed
719 1456 830 1516 tamen
855 1454 1012 1535 prorata

8 1544 102 1622 parte
128 1540 254 1604 ratione
282 1540 443 1605 distinctis
470 1541 601 1626 inpulsu
624 1544 657 1604 et
679 1543 771 1603 motu
792 1539 938 1622 ipsorum
960 1559 1011 1603 or-

8 1628 97 1691 bium
125 1628 263 1693 efficitur
291 1631 324 1692 et
353 1634 448 1693 acuta
474 1650 547 1693 cum
574 1628 727 1711 gravibus
750 1629 935 1710 temperans
956 1648 1011 1691 va·

8 1715 74 1780 rios
103 1715 316 1798 aequabiliter
343 1719 515 1780 concentus
543 1715 656 1798 cfficit3
682 1737 741 1780 nec
768 1715 854 1779 enim
881 1713 1010 1778 silentio

9 1802 93 1867 tanti
110 1808 218 1867 motus
236 1803 366 1868 incitari
383 1808 529 1887 possunt,
548 1808 580 1868 ct
594 1807 712 1868 natura
724 1802 798 1887 fert,
816 1804 854 1866 ut
868 1805 1011 1867 extrema

9 1913 48 1955 ex
65 1891 169 1955 altera
186 1894 279 1976 parte
299 1892 451 1976 graviter,
470 1913 508 1955 ex
527 1892 631 1956 altera
650 1895 758 1955 autem
777 1893 870 1955 acute
887 1891 1011 1954 sonent.

8 1978 112 2052 Quam
140 1979 339 2042 ob=causam
368 2000 511 2043 summus
540 1978 597 2042 ille
624 1978 706 2043 caeli
728 1977 866 2043 stellifer
889 1997 1010 2061 cursus,

9 2066 98 2130 cuius
122 2065 288 2129 conversio
312 2069 362 2128 est
384 2064 584 2149 concitatior,
608 2070 702 2130 acuto
725 2069 760 2130 et
782 2065 922 2130 excitato
944 2085 1011 2130 mo-

8 2156 102 2217 vetur
132 2172 224 2234 son0,
255 2152 447 2236 gravissimo
478 2156 586 2218 autem
613 2153 666 2218 hic
693 2153 817 2219 lunaris
845 2158 942 2237 atque
963 2152 1011 2217 in·

7 2240 117 2322 fimus;
147 2261 224 2303 nam
256 2243 343 2305 terra
373 2262 460 2305 nona
490 2241 657 2306 inmobilis
684 2263 818 2307 manens
844 2264 909 2306 una
936 2238 1011 2305 sede

9 2349 135 2413 semper
161 2327 275 2392 haeret
301 2331 469 2414 complexa
495 2329 635 2394 medium
662 2330 773 2394 mundi
795 2330 911 2395 locum.
954 2326 1012 2392 Illi

9 2420 117 2481 autem
140 2420 213 2481 octo
237 2438 362 2499 cursus,
389 2418 423 2481 in
447 2418 563 2501 quibus
588 2417 697 2481 eadem
720 2418 770 2482 vis
793 2420 843 2482 est
866 2417 1012 2499 duorum,

9 2509 132 2590 septem
163 2504 307 2568 efficiunt
334 2505 503 2571 distinctos
529 2505 712 2569 intervallis
740 2526 850 2589 sonos,
877 2505 933 2588 qui
954 2525 1012 2568 nu·

9 2614 116 2657 merus
138 2614 247 2656 rerum
270 2593 414 2657 omnium
435 2592 503 2658 fere
525 2593 701 2657 nodust
651 2596 714 2658 est·
706 2642 714 2676 ,
738 2592 823 2676 quod
846 2591 933 2657 docti
954 2591 1011 2655 ho-

9 2681 111 2744 mines
142 2680 250 2744 nervis
277 2680 371 2745 imita
372 2681 399 2743 ti
427 2685 523 2764 atque
550 2681 698 2745 cantibus
726 2681 920 2766 aperuerunt
947 2678 1011 2742 sibi

9 2767 183 2831 reditum'
175 2789 210 2831 m
235 2766 320 2832 hunc
343 2768 463 2852 locum,
493 2768 576 2833 sicut
599 2769 668 2851 alii,
693 2769 748 2852 qui
769 2769 936 2853 praestant
922 2765 1010 2830 tibus

8 2856 146 3006 ingeniis
168 2855 203 2918 in
226 2858 273 2919 ιι
275 2877 295 2919 a
316 2855 458 2920 humana
476 2856 585 2921 divina
603 2860 634 2920 st
620 2857 710 2920 tudia
728 2856 904 2921 coluerunt
880 2852 1012 2920 tHoc

9 2943 118 3006 sonitu
141 2942 291 3026 oppletae
315 2966 408 3009 aures
426 2944 594 3008 hominum
613 2943 863 3028 obsurduerunt3
884 2965 944 3009 nec
961 2946 1013 3006 cst

9 3031 94 3094 ullus
113 3030 220 3094 hebet
197 3034 261 3094 t1or
279 3052 391 3096 sensus
410 3032 444 3095 in
461 3032 566 3115 vobis,
585 3031 677 3116 sicut,
654 3033 754 3097 tubi
771 3032 866 3097 Nilus
886 3030 928 3096 ad
943 3031 1013 3115 illa,

11 3138 91 3199 quae
115 3117 176 3181 Cat
162 3118 283 3203 tadupa
309 3120 478 3184 nominant
480 3142 531 3203 ur,
560 3121 702 3204 praecipi
703 3124 754 3185 tat
781 3142 820 3185 ex
842 3119 1013 3185 altissimis

9 3205 184 3286 montibus,
207 3227 245 3268 ea
268 3227 375 3359 gons,
380 3229 461 3291 quae
483 3208 578 3272 illum
600 3208 707 3272 locum
727 3208 857 3291 adcolit,
878 3211 1013 3293 propter

10 3296 136 3377 magmt
112 3255 266 3355 tudinem
289 3296 414 3359 sonitus
437 3317 532 3360 sensu
555 3294 705 3360 audiendi
727 3300 824 3361 caret.
855 3295 918 3361 Hic
935 3314 1012 3359 vero

8 3383 121 3445 *antus
149 3383 259 3444 estto
225 3381 326 3446 totius
349 3383 460 3448 mundi
482 3383 710 3448 incitatissima
733 3384 940 3449 conversione
962 3402 1013 3446 so·

31 3467 111 3554 itus,
143 3474 180 3533 ut
212 3491 285 3533 eum
316 3493 409 3536 aures
439 3471 607 3536 hominum
640 3494 753 3557 capere
782 3493 848 3537 non
876 3469 1014 3557 possint,
