2476 3848
464 147 696 212 -381-

90 320 201 400 pereat
224 318 351 383 Atreus.
389 318 514 383 Durum
537 319 599 383 hoc
621 341 710 403 sane3
733 317 809 384 talis
833 320 917 383 enim
939 318 1091 383 interitus

89 428 154 469 non
178 406 319 470 estsine
343 408 434 491 gravi
458 429 565 490 sensu3
591 407 649 471 illa
671 407 794 471 inania:

133 513 220 611 lpse
240 529 395 593 summis
415 530 519 594 saxis
537 529 640 595 fixus
661 530 821 613 asperis,
840 527 1092 612 evisceratus,

133 616 270 680 Latere
302 617 482 700 pendens,
514 618 604 683 saxa
636 638 823 702 spargens
850 617 954 699 tabo,
984 618 1091 682 sanie

642 709 680 770 et
702 704 888 790 sanguine
912 709 1003 770 atro.

89 843 164 908 Non
187 845 259 928 ipsa
282 868 359 909 saxa
381 845 486 930 magis
506 867 601 910 sensu
624 847 712 911 omni
734 846 895 911 vacabunt
917 866 1013 930 quam
1036 845 1091 908 ille

89 931 202 996 ‘latere
230 931 398 1016 pendens',
425 934 476 998 cui
499 955 532 997 sc
560 933 614 997 hic
635 935 811 999 cruciatum
833 937 944 999 censet
970 936 1091 1016 optare.

89 1020 178 1095 Quae
206 1025 313 1085 essent
335 1021 427 1103 dura,
455 1023 482 1084 si
513 1022 659 1103 sentiret,
686 1022 776 1086 nulla
802 1028 875 1087 suat
895 1022 965 1086 sine
988 1043 1092 1086 sensu.

88 1107 173 1171 Illud
196 1130 271 1173 vero
294 1131 449 1192 perquam
474 1109 583 1172 inane:

133 1229 263 1314 Neque
287 1231 517 1313 sepulcrum,
545 1233 616 1313 quo
640 1232 817 1314 recipiat,
839 1232 981 1297 haheat
1002 1256 1091 1317 por-

148 1390 156 1404 !
711 1324 789 1383 tum
814 1321 1004 1403 corporis,

133 1405 207 1470 Ubi
230 1405 393 1468 remissa
416 1404 580 1469 humana
602 1407 683 1470 vita
705 1409 841 1490 corpus
871 1408 1092 1491 requiescat

878 1494 1003 1558 malie.

88 1635 202 1713 Vides,
232 1637 352 1718 quanto
380 1633 460 1697 haec
482 1634 516 1697 in
538 1655 644 1699 errore
667 1638 845 1716 versentur3
869 1637 998 1717 portum
1020 1655 1091 1699 esse

90 1723 233 1806 corporis
266 1726 299 1786 et
330 1721 527 1805 requiescere
559 1721 593 1786 in
625 1722 771 1805 sepulcro
797 1725 892 1805 putat
920 1725 1091 1804 mortuum,

90 1832 210 1895 magna
242 1811 337 1894 culpa
367 1809 509 1893 Pelopis,
542 1810 597 1894 qui
628 1832 695 1875 non
726 1809 877 1874 erudierit
903 1809 1004 1874 filiurn
1033 1831 1091 1874 neo

90 1899 248 1981 docuerit,
270 1902 426 1982 quatenns
451 1900 535 1962 esset
558 1898 696 1983 quidque
719 1898 903 1963 curandum.
1100 1945 1143 2009 45

156 1985 218 2050 Sed
254 1987 327 2069 quid
366 1985 565 2070 singulorum
602 1987 768 2069 opiniones
809 1986 1069 2068 animadvertam,
1094 2023 1143 2071 108

90 2075 257 2138 nationum
280 2074 385 2138 varios
409 2095 532 2139 errores
555 2076 734 2158 perspicere
757 2096 829 2139 cum
853 2073 970 2140 liceat?
1009 2071 1090 2139 Ocn-

89 2162 182 2224 diunt
209 2160 365 2244 Aegyptii
392 2164 535 2225 mortuos
564 2165 596 2225 et
618 2184 673 2226 eos
696 2166 827 2228 servant
850 2162 950 2245 domi,
976 2162 1091 2226 Persae

90 2249 184 2312 etiam
210 2268 283 2310 cera
305 2247 500 2312 circumlitos
519 2249 674 2327 condunt,
697 2255 848 2333 utquam
867 2250 1004 2313 maxime
1022 2272 1092 2332 per·

90 2339 244 2399 maneant
276 2334 428 2398 diuturne
458 2355 601 2417 corpora.
654 2335 824 2422 Magorum
851 2359 921 2401 mos
950 2341 999 2400 est
1025 2359 1091 2401 non

90 2425 223 2489 humare
243 2443 378 2505 corpora
396 2443 539 2502 suorum,
561 2423 624 2485 nisi
643 2422 757 2487 aforis
779 2424 845 2487 sint
863 2427 938 2487 ante
960 2423 1091 2487 laniata.

89 2513 128 2577 In
150 2511 311 2596 Hyrcania
333 2509 424 2593 plebs
447 2508 593 2592 publicos
617 2510 676 2573 alit
699 2531 807 2591 canes,
834 2513 1014 2592 optumates
1037 2511 1091 2575 do·

90 2601 249 2665 mesticos.
298 2597 416 2663 Nobile
449 2600 555 2661 autem
587 2618 687 2681 genus
714 2619 829 2662 cauum
860 2597 941 2661 illud
973 2598 1091 2662 scimus

90 2711 174 2769 esse3
202 2688 256 2751 sed
283 2709 342 2770 pro
370 2708 428 2750 sua
455 2685 589 2770 quisque
616 2685 770 2750 facultate
796 2689 903 2769 parat,
933 2685 1091 2770 aquibus

91 2776 238 2857 lanietur,
257 2796 388 2859 eamque
402 2776 568 2857 optumam
582 2773 631 2836 illi
645 2793 714 2837 esse
733 2775 866 2838 censent
884 2773 1091 2856 sepulturam

91 2861 258 2925 Permulta
290 2862 354 2925 alia
385 2861 513 2944 colligit
544 2858 761 2944 Chrysippus,
791 2863 828 2927 ut
859 2865 909 2925 est
938 2861 974 2925 in
1006 2862 1092 2926 omni

90 2949 230 3013 historia
252 2949 409 3031 curiosus3
433 2947 488 3012 sed
510 2947 557 3011 ita
578 2951 685 3012 taetra
708 2952 783 3013 sunt
805 2948 974 3033 quaedam,
996 2953 1033 3014 ut
1054 2972 1093 3015 ea

92 3036 197 3122 fugiat
225 3040 257 3099 et
283 3035 469 3100 reformidet
496 3035 608 3100 oratio.
656 3036 757 3101 Totus
787 3036 887 3122 igitur
918 3036 970 3102 hic
1002 3037 1091 3102 locus

92 3130 142 3190 est
161 3122 408 3188 contemnendus
426 3124 461 3186 in
478 3123 582 3205 nobis,
599 3144 666 3188 non
682 3123 899 3209 neglegendus
918 3124 952 3189 in
964 3126 1092 3200 nostris,

92 3215 138 3278 ita
170 3216 293 3293 tamen,
322 3215 359 3275 ut
385 3213 582 3275 mortuorum
610 3232 745 3296 corpora
771 3212 852 3276 nihil
880 3213 999 3278 sentire
1025 3214 1092 3278 vivi

93 3301 277 3366 sentiamus.
332 3298 494 3376 Quantum
522 3303 628 3362 autem
657 3300 877 3365 consuetudini
903 3301 1070 3385 famaeque
1095 3312 1144 3362 109

93 3389 231 3454 dandum
263 3387 320 3471 sit,
351 3386 384 3451 id
416 3387 631 3470 carentum,
662 3387 719 3453 sed
746 3388 806 3471 ita,
837 3392 876 3453 ut
900 3389 1093 3473 intellegant

92 3477 173 3541 nihil
197 3476 230 3541 id
252 3476 293 3542 ad
315 3478 458 3540 mortuos
481 3474 651 3558 pertinere.
