2476 3848
530 163 770 229 -376-

147 331 290 395 omnium
324 350 431 393 rerum
462 329 676 394 humanarum
707 327 946 411 contemptione
978 349 1015 392 ac
1047 327 1153 412 despi-

147 419 265 482 cientia
287 419 351 482 et
342 439 376 480 m
400 417 487 483 omui
509 417 628 481 virtute
651 437 818 499 ponamus
863 413 948 480 Nam
970 435 1055 480 nunc
1083 417 1154 500 qui·

146 506 218 569 dem
250 505 504 589 cogitationibus
537 504 736 569 mollissimis
768 503 1003 604 effeminamur,
1041 507 1090 582 ut,
1123 503 1155 568 si

148 597 222 658 ante
241 613 328 657 mors
348 592 510 675 adventet,
528 614 626 676 quam
645 589 879 656 Chaldaeorum
897 591 1059 674 promissa
1077 612 1154 657 con-

148 681 250 746 secuti
270 702 393 758 sumus,
412 680 544 764 spoliati
561 679 689 764 magnis
708 677 900 763 quibusdam
921 679 1029 761 bonis,
1052 679 1156 744 inlusi

94 791 129 841 oc
149 769 358 853 destitutique
385 769 557 832 videamur.
612 767 733 844 Quodsi
765 767 979 851 exspectando
1006 768 1040 830 ct
1069 767 1155 832 desi-

149 855 289 922 derando
317 855 492 939 pendemus
521 856 650 938 animis,
682 854 873 938 cruciemur,
901 855 1063 939 angimur,
1093 877 1157 938 pro

149 946 181 1010 di
208 945 408 1010 inmortales!
436 965 532 1028 quam
559 943 640 1008 illud
665 944 727 1008 iter
756 941 928 1007 iucundum
955 964 1025 1007 esse
1049 942 1157 1021 debet,

147 1054 210 1117 quo
235 1032 381 1098 coniecto
405 1032 496 1096 nulla
517 1031 640 1115 reliqua
663 1051 751 1113 cura,
777 1030 869 1094 nulla
892 1029 1073 1096 sollicitudo
1104 1031 1155 1095 iu-

147 1124 222 1184 tura
245 1120 300 1185 sit!
337 1119 441 1196 Quam
463 1140 515 1183 me
537 1118 675 1183 delectat
695 1117 923 1183 Theramenesl
948 1140 1042 1201 quam
1065 1117 1154 1184 elato

149 1208 255 1273 animo
283 1209 345 1272 est!
390 1206 464 1272 Etsi
493 1207 578 1270 enirn
604 1207 731 1288 flemus,
762 1227 834 1270 cum
860 1207 1013 1290 legimus,
1042 1209 1156 1272 tamen

147 1316 214 1361 non
236 1295 464 1359 miserabiliter
486 1295 537 1358 vir
557 1294 663 1359 clarus
686 1294 850 1359 emoritur.
896 1293 958 1370 Qui
984 1315 1056 1359 cum
1078 1315 1154 1361 con·

147 1384 249 1448 iectus
272 1383 306 1446 in
325 1404 484 1448 carcerem
502 1383 639 1468 triginta
659 1382 748 1446 iussu
765 1386 977 1466 tyrannorum
995 1403 1155 1448 venenum

147 1477 185 1536 ut
208 1471 321 1536 sitiens
345 1470 545 1553 obduxisset,
566 1469 725 1554 reliquum
746 1470 792 1534 sic
815 1492 832 1534 e
855 1471 969 1553 poculo
992 1471 1093 1548 eiecit,
1116 1474 1155 1535 ut

147 1559 181 1623 id
203 1564 386 1642 resonaret,
408 1579 470 1642 quo
494 1559 604 1623 sonitu
625 1558 749 1623 reddito
773 1557 921 1622 adridens
944 1556 1155 1641 ‘Propino'‚

148 1648 265 1732 inquit,
297 1646 384 1712 ‘hoc
415 1646 576 1730 pulchro
604 1644 781 1728 Critiae',
808 1645 863 1730 qui
890 1645 924 1710 in
947 1667 1020 1710 eum
1046 1645 1154 1709 iuerat

148 1736 360 1800 taeterrimus.
411 1733 525 1799 Graeci
554 1736 638 1798 enim
664 1735 700 1798 in
731 1733 886 1798 conviviis
917 1733 1023 1798 solent
1050 1733 1153 1797 nomi·

148 1844 238 1906 nare,
266 1824 317 1886 eui
344 1823 495 1905 poculum
523 1823 673 1887 tradituri
697 1822 771 1885 sint.
816 1819 908 1884 Lusit
930 1821 980 1885 vir
1003 1821 1155 1905 egregius

150 1915 292 1974 extremo
308 1909 433 1992 spiritu,
448 1930 519 1972 cum
528 1910 594 1973 iam
607 1907 802 1992 praecordiis
813 1912 999 1992 conceptam
1013 1913 1154 1974 mortem

149 1998 341 2078 contineret,
363 2016 500 2078 vereque
519 1997 562 2077 ei,
586 1996 636 2060 cui
655 2017 811 2060 venenum
829 1997 1045 2080 praebiberat,
1068 2018 1152 2061 mor·

148 2087 215 2146 tem
247 2104 318 2146 eam
351 2087 400 2146 est
433 2086 622 2166 auguratus,
656 2105 737 2166 quac
769 2084 858 2148 brevi
890 2087 1062 2149 consecuta
1094 2090 1155 2150 est

96 2191 130 2239 or
150 2169 228 2244 Quis
256 2169 341 2233 hane
368 2170 501 2233 maximi
529 2170 628 2234 animi
655 2172 850 2254 aequitatem
881 2173 916 2236 in
946 2174 1018 2255 ipsa
1048 2176 1154 2238 morte

149 2256 312 2334 laudaret,
339 2258 366 2321 si
389 2260 526 2322 mortem
550 2258 670 2322 malum
697 2258 874 2323 iudicaret?
897 2262 918 2339 †
941 2259 1042 2324 Vadit
1066 2260 1154 2325 enim

149 2347 183 2410 in
216 2345 349 2410 eundem
381 2367 540 2410 carcerem
572 2350 667 2429 atque
702 2346 737 2410 in
768 2347 901 2411 eundem
936 2347 1047 2430 paucis
1078 2352 1156 2431 post

150 2434 243 2498 annis
267 2433 425 2517 scyphum
448 2431 596 2499 Socrates
620 2433 730 2499 eodem
758 2435 878 2499 scelere
907 2436 1062 2518 iudicum,
1089 2457 1154 2520 quo

148 2526 360 2606 tyrannorum
383 2521 609 2586 Theramenes.
650 2521 738 2598 Quae
761 2527 811 2587 est
832 2524 932 2607 igitur
951 2525 1019 2589 cius
1037 2524 1155 2608 oratio,

151 2633 214 2694 qua
241 2609 319 2674 facit
347 2631 419 2674 eum
446 2609 539 2675 Plato
566 2632 659 2673 usum
686 2610 771 2693 apud
800 2610 920 2675 iudices
951 2611 1016 2674 iam
1048 2614 1155 2676 morte

150 2696 346 2762 multatum?

95 2792 137 2853 41
217 2785 353 2870 ‘Magna
371 2784 448 2867 me',
467 2785 580 2868 inquit,
599 2783 688 2866 ‘spes
707 2788 805 2867 tenet,
822 2784 951 2869 iudices,
971 2786 1054 2851 bene
1073 2786 1155 2851 mihi

150 2875 287 2956 evenire,
315 2874 400 2957 quod
428 2873 539 2936 mittar
566 2871 607 2936 ad
633 2875 779 2936 mortem.
823 2872 962 2938 Necesse
990 2876 1040 2939 est
1066 2875 1154 2938 enim

151 2963 193 3025 sit
217 2962 353 3026 alterum
378 2960 416 3024 de
439 2960 576 3042 duobus,
602 2964 640 3024 ut
668 2964 724 3024 aut
751 2981 862 3024 sensus
888 2963 1018 3028 omnino
1042 2984 1154 3028 omnes

150 3071 236 3112 mors
267 3049 392 3112 auferat
421 3052 478 3112 aut
507 3048 540 3111 in
571 3048 670 3112 alium
702 3047 863 3132 quendam
893 3049 1000 3114 locum
1030 3072 1069 3114 ex
1100 3050 1154 3115 his

150 3136 229 3199 locis
253 3139 356 3198 morte
378 3137 544 3220 migretur.
580 3135 683 3211 Quam
707 3136 749 3202 ob
773 3157 853 3218 rem,
876 3135 943 3200 sive
966 3159 1078 3202 sensus
1101 3159 1155 3202 ex·

150 3223 310 3306 tinguitur
332 3244 483 3307 morsque
506 3223 535 3286 ei
554 3244 667 3289 somno
689 3223 805 3299 similis
825 3227 888 3306 est,
909 3225 1046 3308 quinon
1063 3247 1142 3290 num

150 3333 245 3394 quam
260 3310 357 3372 etiam
367 3310 435 3374 sine
444 3311 522 3374 visis
535 3311 733 3376 somniorum
746 3311 998 3395 placatissimam
1012 3313 1154 3396 quietem

151 3398 267 3480 adfert,
291 3397 323 3459 di
345 3397 434 3475 boni,
458 3398 533 3481 quid
556 3398 637 3463 lucri
656 3403 706 3462 est
724 3400 838 3464 emori!
862 3403 919 3464 aut
941 3422 1038 3484 quam
1059 3401 1156 3464 multi

150 3487 218 3550 dies
242 3484 375 3568 reperiri
397 3488 546 3568 possunt,
569 3487 623 3569 qui
646 3487 706 3550 tali
726 3487 813 3551 nocti
832 3491 1079 3573 anteponantur,
1102 3490 1156 3553 cui
