2476 3848
531 117 770 216 -ier-

151 305 261 389 apium
284 303 432 368 examina
453 325 519 367 non
543 302 768 388 fingendorum
789 302 940 367 favorum
963 323 1061 366 causa
1083 324 1160 368 con-

151 395 337 478 gregantur,
360 391 425 473 sed,
448 413 520 455 cum
539 391 782 476 congregabilia
793 393 912 454 natura
931 390 1006 473 sint,
1028 390 1159 476 fingunt

150 481 252 563 favos,
275 480 321 544 sic
338 479 495 561 homines,
519 500 556 543 ac
574 479 678 543 multo
702 478 801 542 etiam
823 478 930 562 magis
948 481 1067 543 natura
1084 501 1160 543 con·

151 568 280 654 gregati
303 567 457 632 adhibent
481 566 598 651 agendi
620 566 848 650 cogitandique
867 566 1056 631 sollertiam.
1093 566 1159 632 Ita-

87 687 88 690 ¹
151 678 220 740 que,
238 655 303 719 nisi
321 678 359 719 ea
377 655 491 737 virtus,
510 676 591 738 quae
609 657 739 719 constat
758 676 797 718 ex
814 653 1000 718 hominibus
1019 655 1159 739 tuendis,

149 743 183 807 id
211 746 261 806 est
288 765 327 807 ex
353 743 508 807 societate
539 742 666 827 generis
699 741 853 826 humani,
878 742 1022 827 attingat
1050 743 1159 826 cogni-

150 831 272 895 tionem
299 852 421 913 rerum,
453 829 602 915 solivaga
629 830 773 915 cognitio
802 833 835 893 et
866 829 973 893 ieiuna
1000 829 1159 915 videatur,

149 918 291 1002 itemque
318 917 509 1003 magnitudo
538 917 638 981 animi
665 920 791 981 remota
822 917 1055 981 communitate
1085 940 1159 983 con·

149 1006 375 1090 iunctioneque
389 1007 531 1070 humana
544 1005 656 1069 feritas
672 1005 715 1068 sit
729 1004 886 1088 quaedam
909 1009 942 1068 et
960 1004 1159 1070 immanitas,

150 1092 203 1157 Ita
219 1094 266 1176 fit,
284 1097 321 1157 ut
339 1094 449 1158 vincat
468 1093 662 1178 cognitionis
682 1092 825 1156 studium
843 1093 1040 1158 consociatio
1054 1093 1159 1158 homi·

162 1207 207 1249 nu
260 1207 279 1247 a
341 1181 599 1247 ecommunitas.
635 1180 703 1245 Nec
720 1202 833 1244 verum
853 1184 911 1263 est,
935 1180 1021 1264 quod
1039 1181 1159 1246 dicitur

150 1294 170 1335 a
202 1270 408 1354 quibusdam,
439 1273 572 1353 propter
603 1268 830 1332 necessitatem
861 1268 961 1352 vitae,
993 1268 1079 1352 quod
1109 1291 1158 1352 ea,

151 1380 232 1442 quae
263 1361 381 1421 natura
417 1356 625 1439 desideraret,
662 1355 815 1439 consequi
851 1355 920 1420 sine
953 1356 1026 1420 aliis
1059 1360 1158 1440 atque

151 1445 276 1510 efficere
298 1466 364 1508 non
385 1466 563 1528 possemus,
585 1444 703 1509 idcirco
726 1444 842 1507 initam
865 1465 936 1507 esse
958 1467 1031 1509 cum
1053 1444 1157 1508 homi-

149 1534 244 1597 nibus
260 1532 524 1597 communitatem
539 1535 571 1595 et
586 1531 788 1614 societatem3
803 1531 918 1615 quodsi
932 1531 1041 1596 omnia
1051 1533 1158 1615 nobis,

151 1642 232 1704 quae
261 1620 301 1684 ad
327 1621 449 1684 victum
477 1619 661 1703 cultumque
693 1619 870 1703 pertinent,
902 1620 995 1704 quasi
1026 1619 1157 1705 virgula

150 1708 268 1791 divina,
290 1711 328 1770 ut
349 1708 449 1790 aiunt,
472 1707 764 1790 suppeditarentur,
787 1711 857 1773 tum
876 1707 1000 1791 optimo
1019 1707 1157 1791 quisque

148 1796 279 1881 ingenio
306 1795 447 1879 negotiis
478 1795 627 1859 omnibus
651 1794 780 1858 omissis
802 1798 910 1859 totum
933 1817 967 1858 se
990 1795 1025 1858 in
1048 1797 1157 1880 cogni-

149 1885 237 1948 tione
270 1886 303 1946 et
335 1882 470 1946 scientia
501 1882 684 1946 collocaret.
733 1880 809 1946 Non
841 1885 891 1946 est
921 1883 983 1966 ita3
998 1904 1089 1947 ‹nam
1122 1887 1156 1947 et

150 1970 358 2036 solitudinem
385 1969 514 2055 fugeret
542 1972 574 2032 et
602 1969 724 2034 socium
748 1969 846 2033 studii
875 1974 1056 2053 quaereret,
1083 1974 1156 2036 tum

150 2059 262 2123 docere
275 2061 345 2121 tum
360 2057 480 2121 discere
499 2058 606 2139 vellet,
625 2061 695 2120 tum
714 2057 824 2121 audire
837 2060 908 2121 tum
923 2058 1035 2122 dicere.
1064 2058 1156 2144 Ergo

149 2167 243 2211 omne
271 2144 425 2227 officium,
458 2144 543 2228 quod
571 2145 612 2208 ad
639 2145 896 2210 coniunctionem
925 2146 1094 2210 hominum
1122 2151 1156 2211 et

150 2233 191 2298 ad
214 2233 402 2297 societatem
430 2232 583 2296 tuendam
610 2232 712 2315 valet,
740 2233 999 2317 anteponendum
1026 2237 1077 2298 est
1103 2235 1156 2299 illi

96 2360 139 2424 45
150 2320 271 2404 officio,
295 2320 381 2404 quod
403 2320 587 2405 cognitione
611 2324 644 2384 et
667 2320 801 2385 scientia
824 2321 1015 2385 continetur.

98 2437 148 2485 159
214 2408 300 2472 Illud
317 2407 457 2472 forsitan
476 2408 692 2491 quaerendum
711 2408 762 2490 sit,
785 2430 863 2472 num
881 2410 961 2474 haec
980 2410 1155 2474 communi-

148 2500 213 2580 tas,
241 2517 323 2580 quae
345 2496 483 2560 maxime
507 2499 556 2560 est
579 2500 656 2580 apta
682 2499 831 2578 naturae,
860 2496 903 2559 sit
926 2497 1025 2560 etiam
1048 2498 1156 2562 mode-

147 2584 267 2649 rationi
281 2584 521 2667 modestiaeque
534 2605 660 2668 semper
674 2583 907 2667 anteponenda.
943 2582 1019 2648 Non
1032 2586 1154 2670 placet,

148 2676 224 2736 sunt
242 2672 327 2737 enim
347 2671 504 2756 quaedam
521 2671 641 2755 partim
662 2671 710 2734 ita
727 2671 830 2754 foeda,
853 2672 974 2755 partim
996 2673 1044 2737 ita
1062 2673 1155 2758 flagi-

147 2761 247 2844 tiosa,
278 2764 315 2823 ut
347 2782 385 2823 ea
410 2781 452 2823 ne
478 2759 715 2823 conservandae
748 2759 876 2843 quidem
903 2760 1029 2844 patriae
1056 2784 1155 2826 causa

149 2849 277 2932 sapiens
299 2847 444 2910 facturus
462 2847 513 2910 sit.
549 2846 599 2910 lla
617 2846 807 2911 Posidonius
827 2847 961 2932 collegit
981 2850 1155 2933 permulta,

150 2935 275 2999 sedita
298 2938 404 2997 taetra
428 2935 594 3018 quaedam,
615 2935 663 2999 ita
687 2936 832 3018 obscena,
855 2939 892 3000 ut
916 2937 1003 3001 dictu
1026 2958 1155 3020 quoque

147 3021 317 3085 videantur
331 3021 449 3105 turpia.
471 3021 561 3087 Haec
574 3023 675 3107 igitur
693 3045 758 3087 non
773 3023 926 3108 suscipiet
940 3024 986 3088 rei
1004 3025 1154 3108 publicae

148 3130 258 3191 causa,
288 3129 329 3171 ne
360 3130 412 3172 res
443 3111 573 3193 publica
606 3111 733 3195 quidem
760 3133 820 3195 pro
847 3133 882 3176 se
909 3112 1029 3196 suscipi
1056 3113 1155 3176 volet.

148 3193 211 3259 Sed
237 3196 299 3259 hoc
326 3197 525 3262 commodius
553 3219 587 3262 se
614 3221 666 3262 res
692 3199 806 3282 habet,
839 3199 924 3282 quod
950 3222 1016 3263 non
1043 3203 1154 3284 potest

149 3284 290 3348 accidere
322 3287 464 3369 tempus,
495 3289 532 3349 ut
562 3286 692 3350 intersit
723 3287 770 3350 rei
801 3287 950 3371 publicae
980 3288 1155 3371 quicquam

97 3388 147 3437 160
161 3372 291 3436 illorum
309 3371 414 3437 facere
434 3373 621 3457 sapientem.
654 3373 760 3449 Quare
778 3374 840 3439 hoc
859 3374 987 3458 quidem
1004 3376 1155 3440 effectum

67 3500 101 3600 ι
147 3460 200 3546 sit,
222 3460 257 3525 in
280 3459 394 3526 officiis
419 3461 595 3546 deligendis
615 3461 648 3525 id
667 3483 767 3547 genus
789 3461 969 3527 officiorum
988 3463 1156 3550 excellere,
