2476 3848
512 152 753 217 -456-

135 316 255 398 ipsum,
278 312 352 397 quia
374 312 467 378 dolor
490 313 545 390 sit,
569 333 695 397 semper
715 333 784 376 esse
805 311 1006 397 fugiendum3
1030 312 1147 398 itaque

135 402 196 467 hac
224 423 356 466 usurum
383 401 645 483 compensatione
677 400 868 485 sapientem,
900 405 937 464 ut
965 404 998 466 et
1025 401 1146 486 uolup-

134 495 237 555 tatem
258 489 377 573 fugiat,
400 489 429 552 si
452 510 490 553 ea
512 489 668 554 maiorem
691 489 834 554 dolorem
857 488 1009 553 effectura
1031 490 1085 573 sit,
1110 494 1148 555 et

135 579 278 643 dolorem
316 576 474 661 suscipiat
509 577 664 643 maiorem
702 577 894 641 efficientem
930 576 1146 664 voluptatem,

135 667 305 750 omniaque
327 664 479 748 iucunda,
502 687 695 751 quamquam
713 687 809 729 sensu
833 665 976 747 corporis
998 664 1145 732 indicen-

82 775 116 823 so
134 759 201 838 tur,
224 754 264 819 ad
286 754 430 818 animum
452 753 566 819 referri
588 759 705 819 tamen.
743 752 901 828 Quocirca
921 773 1038 835 corpus
1061 774 1145 839 gau·

135 844 208 907 dere
234 846 302 905 tam
330 841 398 923 diu,
430 840 507 906 dum
538 844 739 926 praesentem
767 841 900 905 sentiret
930 841 1146 927 voluptatem,

135 930 277 995 animum
300 932 334 992 et
355 933 555 1012 praesentem
579 928 741 1013 percipere
764 929 886 1011 pariter
909 950 981 993 cum
1004 950 1145 1014 corpore

135 1024 168 1082 et
189 1017 371 1101 prospicere
394 1016 576 1082 venientem
597 1039 657 1082 nec
678 1017 886 1100 praeteritam
913 1017 1145 1099 praeterfluere

135 1106 247 1171 sinere.
296 1104 349 1168 Ita
374 1108 545 1186 perpetuus
574 1110 607 1171 et
628 1109 794 1171 contextas
820 1103 1006 1186 voluptates
1034 1105 1069 1170 in
1093 1128 1145 1170 aa

134 1195 240 1277 piente
263 1191 332 1257 fore
356 1213 495 1277 semper,
518 1215 589 1258 cum
608 1193 788 1277 expectatio
807 1197 1007 1276 speratarum
1025 1192 1145 1278 volup-

134 1287 238 1346 tatum
261 1301 330 1346 cum
351 1286 573 1365 perceptarum
596 1282 750 1346 memoria
772 1282 966 1365 iungeretur.

201 1370 309 1453 Atque
335 1368 387 1433 his
416 1368 534 1434 similia
560 1370 600 1435 ad
624 1373 745 1435 rictum
772 1369 871 1434 etiam
892 1369 1145 1455 transferuntur,

82 1425 115 1538 ⁹⁷,
136 1460 386 1540 extenuaturque
400 1459 642 1543 magnificentia
655 1462 689 1524 et
702 1462 849 1542 sumptus
862 1456 1040 1541 epularum,
1053 1459 1144 1543 quod
1187 1474 1191 1481 “

135 1567 235 1629 parvo
254 1545 342 1610 cultu
359 1550 476 1611 natura
494 1551 645 1612 contenta
664 1547 716 1612 sit.
751 1546 882 1612 Etenim
900 1545 972 1629 quis
995 1547 1058 1610 hoc
1073 1568 1143 1612 non

136 1635 237 1716 videt,
259 1632 424 1699 desideriis
449 1635 558 1700 omnia
581 1636 646 1700 ista
668 1634 813 1700 condiri?
862 1633 982 1697 Darius
1004 1633 1040 1697 in
1061 1634 1144 1720 fuga

136 1744 208 1786 cum
236 1743 352 1807 aquam
380 1724 544 1787 turbidam
572 1727 605 1787 et
631 1722 838 1788 cadaveribus
865 1721 1069 1804 inquinatum
1092 1723 1144 1787 bi·

136 1810 250 1893 bisset,
277 1809 408 1893 negavit
433 1833 586 1894 umquam
610 1833 644 1875 se
671 1812 794 1876 bibisse
816 1809 994 1874 iucundius.
1038 1808 1143 1875 Num-

137 1920 233 1983 quam
260 1896 408 1963 videlicet
439 1900 550 1963 sitiens
577 1898 712 1963 biberat.
761 1899 829 1964 Nec
856 1898 999 1962 esuriens
1029 1897 1143 1964 Ptolo·

137 2008 245 2050 maeus
270 1984 392 2068 ederat3
419 1987 566 2052 cuicum
591 1987 777 2070 peragranti
800 1986 985 2071 Aegyptum
1013 1986 1142 2051 comiti-

136 2075 196 2137 bus
220 2093 286 2136 non
309 2075 487 2137 consecutis
506 2074 645 2138 cibarius
668 2075 702 2137 in
720 2095 794 2139 casa
816 2075 909 2158 penis
933 2074 1027 2139 datus
1047 2078 1144 2156 esset,

136 2160 219 2225 nibil
242 2159 348 2223 visum
370 2165 419 2225 est
441 2161 498 2226 illo
520 2184 604 2244 pane
626 2163 801 2226 iucundius.
846 2160 1000 2227 Socraten
1022 2160 1143 2242 ferunt,

138 2269 209 2312 cum
232 2267 331 2330 usque
355 2249 394 2313 ad
418 2271 586 2332 vesperum
604 2251 787 2315 contentius
813 2250 993 2315 ambularet
1014 2251 1144 2334 quaesi·

137 2341 270 2420 tumque
293 2341 379 2401 esset
401 2359 439 2402 ex
462 2359 514 2420 eo,
536 2360 635 2423 quare
657 2338 690 2402 id
713 2338 845 2422 faceret,
869 2338 1073 2421 respondisse
1098 2360 1144 2420 se,·

84 2452 118 2501 98
138 2447 199 2508 quo
214 2422 329 2488 melius
343 2429 480 2509 cenaret,
493 2426 651 2491 obsonare
665 2427 858 2491 ambulando
872 2427 999 2491 famem.
1034 2424 1144 2502 Quid?

137 2514 258 2578 vietum
276 2510 603 2578 Lacedaemoniorum
625 2515 660 2578 in
682 2514 821 2598 philitiis
842 2535 948 2580 nonne
970 2513 1143 2579 videmus?

137 2599 201 2665 Ubi
230 2622 302 2665 cum
329 2608 484 2685 tyrannus
517 2603 695 2667 cenavisset
721 2601 911 2686 Dionysius,
941 2602 1075 2687 negavit
1107 2623 1144 2667 sc

136 2690 204 2753 iure
232 2688 290 2752 illo
316 2691 422 2774 nigro,
453 2690 538 2774 quod
567 2711 663 2754 cenae
695 2694 792 2773 caput
822 2695 904 2774 erat,
936 2690 1144 2756 delectatum,

137 2777 284 2859 Tamis,
312 2779 367 2862 qui
393 2778 452 2842 illa
475 2782 616 2842 coxerat:
647 2777 816 2842 ‘Minime
838 2779 986 2860 mirum3
1010 2779 1142 2842 condi·

137 2869 263 2929 menta
286 2867 382 2930 enim
406 2864 630 2930 defuerunt?
682 2864 799 2942 ‘Quae
822 2865 1010 2930 tandeml'
1032 2866 1144 2950 inquit

136 2954 200 3017 ille.
242 2951 381 3019 ‘Labor
403 2953 444 3017 in
466 2958 619 3035 venatu,
642 2953 768 3036 sudor,
792 2976 925 3019 cursus
949 2953 994 3018 ad
1016 2953 1143 3020 Euro-

136 3044 226 3123 tam,
261 3040 395 3123 fumea,
427 3041 525 3106 sitis.
578 3040 649 3105 His
681 3041 778 3105 enim
809 3043 922 3106 rebus
954 3040 1145 3108 Lacedae·

137 3128 348 3192 moniorum
367 3130 501 3211 epulae
520 3128 774 3194 condiuntur?
813 3128 920 3214 Atque
938 3130 999 3195 hoc
1016 3150 1083 3194 non
1103 3152 1145 3203 ex

136 3216 304 3280 hominum
331 3239 419 3281 more
447 3217 565 3300 solum,
592 3217 647 3282 sed
669 3218 768 3281 etiam
791 3239 830 3281 ex
857 3217 971 3282 bestiis
993 3217 1145 3305 intellegi

136 3307 260 3387 potest,
283 3326 378 3387 quae,
400 3308 437 3368 ut
459 3305 610 3388 quicquid
629 3304 790 3370 obiectum
809 3308 872 3390 est,
894 3305 1097 3391 quodmodo
1123 3331 1145 3373 a

136 3395 252 3456 natura
279 3412 345 3456 non
373 3391 416 3454 sit
445 3392 600 3476 alienum,
627 3414 666 3459 eo
693 3396 862 3458 contentae
888 3416 955 3459 non
982 3399 1146 3478 quaerunt

63 3480 285 3632 ‘campliua
335 3477 490 3544 Civitates
519 3480 676 3564 quaedam
707 3481 876 3546 universae
907 3503 997 3546 more
1026 3480 1146 3550 doctae
