<?xml version="1.0" encoding="UTF-8"?>
<!DOCTYPE html PUBLIC "-//W3C//DTD XHTML 1.0 Transitional//EN"
    "http://www.w3.org/TR/xhtml1/DTD/xhtml1-transitional.dtd">
<html xmlns="http://www.w3.org/1999/xhtml" xml:lang="en" lang="en">
 <head>
  <title>
</title>
<meta http-equiv="Content-Type" content="text/html;charset=utf-8" />
  <meta name='ocr-system' content='tesseract 3.04.00' />
  <meta name='ocr-capabilities' content='ocr_page ocr_carea ocr_par ocr_line ocrx_word'/>
</head>
<body>
  <div class='ocr_page' id='page_1' title='image "./cicerosphilosop01cicegoog_0392.png"; bbox 0 0 2476 3848; ppageno 0'>
   <div class='ocr_carea' id='block_1_1' title="bbox 474 184 714 249">
    <p class='ocr_par' dir='ltr' id='par_1_1' title="bbox 474 184 714 249">
     <span class='ocr_line' id='line_1_1' title="bbox 474 184 714 249; baseline 0.004 -1"><span class='ocrx_word' id='word_1_1' title='bbox 474 184 714 249; x_wconf 73' lang='lat'><strong>-375—</strong></span> 
     </span>
    </p>
   </div>
   <div class='ocr_carea' id='block_1_2' title="bbox 88 341 1152 2011">
    <p class='ocr_par' dir='ltr' id='par_1_2' title="bbox 88 341 1152 2011">
     <span class='ocr_line' id='line_1_2' title="bbox 88 341 1095 426; baseline -0.003 -19"><span class='ocrx_word' id='word_1_2' title='bbox 88 348 215 426; x_wconf 89' lang='lat' dir='ltr'>tempus</span> <span class='ocrx_word' id='word_1_3' title='bbox 244 344 325 407; x_wconf 90' lang='lat' dir='ltr'>mori</span> <span class='ocrx_word' id='word_1_4' title='bbox 353 343 506 406; x_wconf 87' lang='lat' dir='ltr'>miserum</span> <span class='ocrx_word' id='word_1_5' title='bbox 534 364 613 406; x_wconf 90' lang='lat' dir='ltr'>esse.</span> <span class='ocrx_word' id='word_1_6' title='bbox 663 341 754 417; x_wconf 80' lang='lat' dir='ltr'>Quod</span> <span class='ocrx_word' id='word_1_7' title='bbox 785 343 917 405; x_wconf 90' lang='lat' dir='ltr'>tandem</span> <span class='ocrx_word' id='word_1_8' title='bbox 945 341 1095 425; x_wconf 77' lang='lat' dir='ltr'>tempus?</span> 
     </span>
     <span class='ocr_line' id='line_1_3' title="bbox 89 429 1095 513; baseline -0.003 -18"><span class='ocrx_word' id='word_1_9' title='bbox 89 431 288 495; x_wconf 84' lang='lat' dir='ltr'>naturaene&#39;l</span> <span class='ocrx_word' id='word_1_10' title='bbox 340 431 386 494; x_wconf 86' lang='lat' dir='ltr'>At</span> <span class='ocrx_word' id='word_1_11' title='bbox 414 452 452 494; x_wconf 92' lang='lat' dir='ltr'>ca</span> <span class='ocrx_word' id='word_1_12' title='bbox 479 430 607 513; x_wconf 91' lang='lat' dir='ltr'>quidem</span> <span class='ocrx_word' id='word_1_13' title='bbox 636 429 724 493; x_wconf 91' lang='lat' dir='ltr'>dedit</span> <span class='ocrx_word' id='word_1_14' title='bbox 746 451 875 494; x_wconf 83' lang='lat' dir='ltr'>usuram</span> <span class='ocrx_word' id='word_1_15' title='bbox 898 429 984 493; x_wconf 87' lang='lat' dir='ltr'>vitae</span> <span class='ocrx_word' id='word_1_16' title='bbox 1011 435 1095 493; x_wconf 86' lang='lat' dir='ltr'>tam·</span> 
     </span>
     <span class='ocr_line' id='line_1_4' title="bbox 89 517 1095 603; baseline -0.002 -21"><span class='ocrx_word' id='word_1_17' title='bbox 89 541 186 603; x_wconf 90' lang='lat' dir='ltr'>quam</span> <span class='ocrx_word' id='word_1_18' title='bbox 209 518 362 601; x_wconf 89' lang='lat' dir='ltr'>pecuniae</span> <span class='ocrx_word' id='word_1_19' title='bbox 384 518 475 583; x_wconf 89' lang='lat' dir='ltr'>nulla</span> <span class='ocrx_word' id='word_1_20' title='bbox 496 518 692 601; x_wconf 88' lang='lat' dir='ltr'>praestituta</span> <span class='ocrx_word' id='word_1_21' title='bbox 715 517 773 582; x_wconf 90' lang='lat' dir='ltr'>die.</span> <span class='ocrx_word' id='word_1_22' title='bbox 810 517 894 594; x_wconf 85' lang='lat' dir='ltr'><strong>Quid</strong></span> <span class='ocrx_word' id='word_1_23' title='bbox 914 520 964 581; x_wconf 89' lang='lat' dir='ltr'>cst</span> <span class='ocrx_word' id='word_1_24' title='bbox 986 517 1095 602; x_wconf 87' lang='lat' dir='ltr'>igitur,</span> 
     </span>
     <span class='ocr_line' id='line_1_5' title="bbox 89 605 1095 690; baseline -0.002 -20"><span class='ocrx_word' id='word_1_25' title='bbox 89 607 175 690; x_wconf 90' lang='lat' dir='ltr'>quod</span> <span class='ocrx_word' id='word_1_26' title='bbox 194 628 335 690; x_wconf 82' lang='lat' dir='ltr'><strong>querare,</strong></span> <span class='ocrx_word' id='word_1_27' title='bbox 353 606 381 670; x_wconf 88' lang='lat' dir='ltr'>si</span> <span class='ocrx_word' id='word_1_28' title='bbox 399 606 526 689; x_wconf 90' lang='lat' dir='ltr'>repetit,</span> <span class='ocrx_word' id='word_1_29' title='bbox 545 627 618 670; x_wconf 89' lang='lat' dir='ltr'>cum</span> <span class='ocrx_word' id='word_1_30' title='bbox 635 605 724 670; x_wconf 85' lang='lat' dir='ltr'>volt?</span> <span class='ocrx_word' id='word_1_31' title='bbox 748 627 786 668; x_wconf 89' lang='lat' dir='ltr'>ea</span> <span class='ocrx_word' id='word_1_32' title='bbox 805 606 889 670; x_wconf 88' lang='lat' dir='ltr'>enim</span> <span class='ocrx_word' id='word_1_33' title='bbox 908 605 1095 670; x_wconf 88' lang='lat' dir='ltr'>condicione</span> 
     </span>
     <span class='ocr_line' id='line_1_6' title="bbox 91 693 1095 778; baseline -0.001 -20"><span class='ocrx_word' id='word_1_34' title='bbox 91 716 268 778; x_wconf 78' lang='lat' dir='ltr'>acceperas.</span> <span class='ocrx_word' id='word_1_35' title='bbox 305 693 415 777; x_wconf 87' lang='lat' dir='ltr'>Iidem,</span> <span class='ocrx_word' id='word_1_36' title='bbox 433 694 462 757; x_wconf 89' lang='lat' dir='ltr'>si</span> <span class='ocrx_word' id='word_1_37' title='bbox 483 714 563 778; x_wconf 92' lang='lat' dir='ltr'>puer</span> <span class='ocrx_word' id='word_1_38' title='bbox 580 715 699 777; x_wconf 85' lang='lat' dir='ltr'>parvus</span> <span class='ocrx_word' id='word_1_39' title='bbox 719 693 848 774; x_wconf 81' lang='lat' dir='ltr'>occidit,</span> <span class='ocrx_word' id='word_1_40' title='bbox 867 714 968 776; x_wconf 91' lang='lat' dir='ltr'>aequo</span> <span class='ocrx_word' id='word_1_41' title='bbox 987 693 1095 757; x_wconf 88' lang='lat' dir='ltr'>animo</span> 
     </span>
     <span class='ocr_line' id='line_1_7' title="bbox 90 781 1096 865; baseline -0.001 -20"><span class='ocrx_word' id='word_1_42' title='bbox 90 782 258 846; x_wconf 87' lang='lat' dir='ltr'>ferendum</span> <span class='ocrx_word' id='word_1_43' title='bbox 276 785 406 865; x_wconf 81' lang='lat' dir='ltr'>putant,</span> <span class='ocrx_word' id='word_1_44' title='bbox 428 782 457 846; x_wconf 91' lang='lat' dir='ltr'>si</span> <span class='ocrx_word' id='word_1_45' title='bbox 478 781 609 846; x_wconf 86' lang='lat' dir='ltr'>veroin</span> <span class='ocrx_word' id='word_1_46' title='bbox 630 782 733 863; x_wconf 86' lang='lat' dir='ltr'>cunis,</span> <span class='ocrx_word' id='word_1_47' title='bbox 755 801 795 844; x_wconf 88' lang='lat' dir='ltr'>ne</span> <span class='ocrx_word' id='word_1_48' title='bbox 814 782 1010 864; x_wconf 90' lang='lat' dir='ltr'>querendum</span> <span class='ocrx_word' id='word_1_49' title='bbox 1028 782 1096 865; x_wconf 92' lang='lat' dir='ltr'>qui·</span> 
     </span>
     <span class='ocr_line' id='line_1_8' title="bbox 91 868 1095 953; baseline -0.003 -19"><span class='ocrx_word' id='word_1_50' title='bbox 91 872 172 934; x_wconf 93' lang='lat' dir='ltr'>dem.</span> <span class='ocrx_word' id='word_1_51' title='bbox 211 870 313 953; x_wconf 84' lang='lat' dir='ltr'>Atqui</span> <span class='ocrx_word' id='word_1_52' title='bbox 336 870 377 933; x_wconf 93' lang='lat' dir='ltr'>ab</span> <span class='ocrx_word' id='word_1_53' title='bbox 400 869 462 933; x_wconf 94' lang='lat' dir='ltr'>hoc</span> <span class='ocrx_word' id='word_1_54' title='bbox 485 868 630 932; x_wconf 77' lang='lat' dir='ltr'>acerbius</span> <span class='ocrx_word' id='word_1_55' title='bbox 654 869 761 952; x_wconf 78' lang='lat' dir='ltr'>exegit</span> <span class='ocrx_word' id='word_1_56' title='bbox 783 872 912 951; x_wconf 87' lang='lat' dir='ltr'>natura,</span> <span class='ocrx_word' id='word_1_57' title='bbox 935 869 1020 952; x_wconf 91' lang='lat' dir='ltr'>quod</span> <span class='ocrx_word' id='word_1_58' title='bbox 1043 868 1095 932; x_wconf 91' lang='lat' dir='ltr'>dc·</span> 
     </span>
     <span class='ocr_line' id='line_1_9' title="bbox 91 956 1096 1041; baseline -0.002 -19"><span class='ocrx_word' id='word_1_59' title='bbox 91 958 190 1022; x_wconf 88' lang='lat' dir='ltr'>derat.</span> <span class='ocrx_word' id='word_1_60' title='bbox 234 956 387 1021; x_wconf 91' lang='lat' dir='ltr'>Nondum</span> <span class='ocrx_word' id='word_1_61' title='bbox 411 961 614 1041; x_wconf 74' lang='lat' dir='ltr'>gustaverat,</span> <span class='ocrx_word' id='word_1_62' title='bbox 636 956 753 1040; x_wconf 82' lang='lat' dir='ltr'>inquit,</span> <span class='ocrx_word' id='word_1_63' title='bbox 780 957 866 1020; x_wconf 86' lang='lat' dir='ltr'>vitae</span> <span class='ocrx_word' id='word_1_64' title='bbox 889 957 1096 1040; x_wconf 84' lang='lat' dir='ltr'>suavitatem3</span> 
     </span>
     <span class='ocr_line' id='line_1_10' title="bbox 90 1043 1120 1128; baseline -0.001 -19"><span class='ocrx_word' id='word_1_65' title='bbox 90 1047 144 1111; x_wconf 90' lang='lat' dir='ltr'>hio</span> <span class='ocrx_word' id='word_1_66' title='bbox 167 1049 274 1109; x_wconf 89' lang='lat' dir='ltr'>autem</span> <span class='ocrx_word' id='word_1_67' title='bbox 297 1045 363 1109; x_wconf 89' lang='lat' dir='ltr'>iam</span> <span class='ocrx_word' id='word_1_68' title='bbox 386 1043 540 1127; x_wconf 76' lang='lat' dir='ltr'>sperabat</span> <span class='ocrx_word' id='word_1_69' title='bbox 561 1064 692 1128; x_wconf 86' lang='lat' dir='ltr'>magna,</span> <span class='ocrx_word' id='word_1_70' title='bbox 715 1044 831 1127; x_wconf 91' lang='lat' dir='ltr'>quibus</span> <span class='ocrx_word' id='word_1_71' title='bbox 854 1044 919 1108; x_wconf 88' lang='lat' dir='ltr'>frui</span> <span class='ocrx_word' id='word_1_72' title='bbox 939 1048 1120 1128; x_wconf 82' lang='lat' dir='ltr'>coeperat.</span> 
     </span>
     <span class='ocr_line' id='line_1_11' title="bbox 91 1132 1097 1217; baseline -0.001 -20"><span class='ocrx_word' id='word_1_73' title='bbox 91 1134 137 1197; x_wconf 88' lang='lat' dir='ltr'>At</span> <span class='ocrx_word' id='word_1_74' title='bbox 154 1133 187 1197; x_wconf 90' lang='lat' dir='ltr'>id</span> <span class='ocrx_word' id='word_1_75' title='bbox 205 1133 332 1217; x_wconf 90' lang='lat' dir='ltr'>quidem</span> <span class='ocrx_word' id='word_1_76' title='bbox 352 1133 387 1196; x_wconf 91' lang='lat' dir='ltr'>in</span> <span class='ocrx_word' id='word_1_77' title='bbox 405 1132 519 1196; x_wconf 87' lang='lat' dir='ltr'>ceteris</span> <span class='ocrx_word' id='word_1_78' title='bbox 537 1132 633 1196; x_wconf 89' lang='lat' dir='ltr'>rebus</span> <span class='ocrx_word' id='word_1_79' title='bbox 652 1132 767 1196; x_wconf 92' lang='lat' dir='ltr'>melius</span> <span class='ocrx_word' id='word_1_80' title='bbox 785 1136 932 1216; x_wconf 88' lang='lat' dir='ltr'>putatur,</span> <span class='ocrx_word' id='word_1_81' title='bbox 947 1132 1097 1216; x_wconf 73' lang='lat' dir='ltr'>&#39;aliquam</span> 
     </span>
     <span class='ocr_line' id='line_1_12' title="bbox 91 1220 1096 1304; baseline -0.001 -19"><span class='ocrx_word' id='word_1_82' title='bbox 91 1225 219 1304; x_wconf 88' lang='lat' dir='ltr'>partem</span> <span class='ocrx_word' id='word_1_83' title='bbox 247 1242 343 1304; x_wconf 88' lang='lat' dir='ltr'>quam</span> <span class='ocrx_word' id='word_1_84' title='bbox 370 1220 493 1284; x_wconf 91' lang='lat' dir='ltr'>nullam</span> <span class='ocrx_word' id='word_1_85' title='bbox 526 1220 700 1303; x_wconf 80' lang='lat' dir='ltr'>attingere3</span> <span class='ocrx_word' id='word_1_86' title='bbox 732 1242 787 1284; x_wconf 88' lang='lat' dir='ltr'>cur</span> <span class='ocrx_word' id='word_1_87' title='bbox 818 1221 853 1284; x_wconf 92' lang='lat' dir='ltr'>in</span> <span class='ocrx_word' id='word_1_88' title='bbox 884 1221 951 1284; x_wconf 84' lang='lat' dir='ltr'>vita</span> <span class='ocrx_word' id='word_1_89' title='bbox 983 1220 1096 1285; x_wconf 81' lang='lat' dir='ltr'>secus?</span> 
     </span>
     <span class='ocr_line' id='line_1_13' title="bbox 92 1305 1096 1392; baseline -0.001 -20"><span class='ocrx_word' id='word_1_90' title='bbox 92 1309 294 1392; x_wconf 80' lang='lat' dir='ltr'>Quamquam</span> <span class='ocrx_word' id='word_1_91' title='bbox 320 1330 387 1373; x_wconf 92' lang='lat' dir='ltr'>non</span> <span class='ocrx_word' id='word_1_92' title='bbox 413 1308 498 1373; x_wconf 88' lang='lat' dir='ltr'>mala</span> <span class='ocrx_word' id='word_1_93' title='bbox 526 1308 573 1371; x_wconf 90' lang='lat' dir='ltr'>ait</span> <span class='ocrx_word' id='word_1_94' title='bbox 600 1305 817 1371; x_wconf 77' lang='lat' dir='ltr'>Callimachus</span> <span class='ocrx_word' id='word_1_95' title='bbox 840 1309 942 1372; x_wconf 90' lang='lat' dir='ltr'>multo</span> <span class='ocrx_word' id='word_1_96' title='bbox 968 1309 1096 1390; x_wconf 91' lang='lat' dir='ltr'>saepius</span> 
     </span>
     <span class='ocr_line' id='line_1_14' title="bbox 91 1394 1096 1479; baseline -0.003 -18"><span class='ocrx_word' id='word_1_97' title='bbox 91 1398 277 1462; x_wconf 88' lang='lat' dir='ltr'>lacrimasse</span> <span class='ocrx_word' id='word_1_98' title='bbox 304 1395 469 1460; x_wconf 85' lang='lat' dir='ltr'>Priamum</span> <span class='ocrx_word' id='word_1_99' title='bbox 496 1417 593 1479; x_wconf 88' lang='lat' dir='ltr'>quam</span> <span class='ocrx_word' id='word_1_100' title='bbox 620 1394 772 1460; x_wconf 84' lang='lat' dir='ltr'>Troilum.</span> <span class='ocrx_word' id='word_1_101' title='bbox 825 1394 948 1460; x_wconf 83' lang='lat' dir='ltr'>Eorum</span> <span class='ocrx_word' id='word_1_102' title='bbox 981 1399 1096 1477; x_wconf 79' lang='lat' dir='ltr'>autem,</span> 
     </span>
     <span class='ocr_line' id='line_1_15' title="bbox 92 1480 1152 1569; baseline -0.002 -21"><span class='ocrx_word' id='word_1_103' title='bbox 92 1486 148 1569; x_wconf 89' lang='lat' dir='ltr'>qui</span> <span class='ocrx_word' id='word_1_104' title='bbox 171 1487 283 1549; x_wconf 88' lang='lat' dir='ltr'>exacta</span> <span class='ocrx_word' id='word_1_105' title='bbox 306 1486 411 1548; x_wconf 89' lang='lat' dir='ltr'>aetate</span> <span class='ocrx_word' id='word_1_106' title='bbox 434 1485 628 1565; x_wconf 85' lang='lat' dir='ltr'>moriuntur,</span> <span class='ocrx_word' id='word_1_107' title='bbox 653 1482 784 1546; x_wconf 88' lang='lat' dir='ltr'>fortuna</span> <span class='ocrx_word' id='word_1_108' title='bbox 806 1483 964 1547; x_wconf 89' lang='lat' dir='ltr'>laudatur.</span> <span class='ocrx_word' id='word_1_109' title='bbox 1009 1480 1095 1546; x_wconf 84' lang='lat' dir='ltr'>Cur?</span> <span class='ocrx_word' id='word_1_110' title='bbox 1115 1505 1152 1553; x_wconf 75' lang='lat'>94</span> 
     </span>
     <span class='ocr_line' id='line_1_16' title="bbox 91 1569 1096 1656; baseline -0.003 -19"><span class='ocrx_word' id='word_1_111' title='bbox 91 1595 179 1655; x_wconf 83' lang='lat' dir='ltr'>nam,</span> <span class='ocrx_word' id='word_1_112' title='bbox 202 1593 289 1655; x_wconf 82' lang='lat' dir='ltr'>reor,</span> <span class='ocrx_word' id='word_1_113' title='bbox 310 1572 423 1656; x_wconf 83' lang='lat' dir='ltr'>nullis,</span> <span class='ocrx_word' id='word_1_114' title='bbox 446 1571 474 1636; x_wconf 88' lang='lat' dir='ltr'>si</span> <span class='ocrx_word' id='word_1_115' title='bbox 491 1571 561 1635; x_wconf 84' lang='lat' dir='ltr'>vita</span> <span class='ocrx_word' id='word_1_116' title='bbox 579 1571 708 1654; x_wconf 85' lang='lat' dir='ltr'>longior</span> <span class='ocrx_word' id='word_1_117' title='bbox 726 1569 871 1651; x_wconf 89' lang='lat' dir='ltr'>daretur,</span> <span class='ocrx_word' id='word_1_118' title='bbox 894 1574 1005 1653; x_wconf 88' lang='lat' dir='ltr'>posset</span> <span class='ocrx_word' id='word_1_119' title='bbox 1026 1592 1096 1634; x_wconf 90' lang='lat' dir='ltr'>esse</span> 
     </span>
     <span class='ocr_line' id='line_1_17' title="bbox 91 1656 1096 1741; baseline -0.004 -17"><span class='ocrx_word' id='word_1_120' title='bbox 91 1660 267 1726; x_wconf 88' lang='lat' dir='ltr'>iucundior.</span> <span class='ocrx_word' id='word_1_121' title='bbox 310 1659 402 1725; x_wconf 91' lang='lat' dir='ltr'>Nihil</span> <span class='ocrx_word' id='word_1_122' title='bbox 424 1659 509 1723; x_wconf 88' lang='lat' dir='ltr'>enim</span> <span class='ocrx_word' id='word_1_123' title='bbox 532 1662 582 1722; x_wconf 90' lang='lat' dir='ltr'>est</span> <span class='ocrx_word' id='word_1_124' title='bbox 611 1658 756 1741; x_wconf 88' lang='lat' dir='ltr'>profecto</span> <span class='ocrx_word' id='word_1_125' title='bbox 779 1657 905 1721; x_wconf 91' lang='lat' dir='ltr'>homini</span> <span class='ocrx_word' id='word_1_126' title='bbox 926 1656 1096 1741; x_wconf 85' lang='lat' dir='ltr'>pmdcntia</span> 
     </span>
     <span class='ocr_line' id='line_1_18' title="bbox 91 1744 1097 1833; baseline -0.006 -19"><span class='ocrx_word' id='word_1_127' title='bbox 91 1750 225 1832; x_wconf 70' lang='lat' dir='ltr'>dulcius,</span> <span class='ocrx_word' id='word_1_128' title='bbox 248 1771 354 1833; x_wconf 84' lang='lat' dir='ltr'>quam,</span> <span class='ocrx_word' id='word_1_129' title='bbox 377 1751 414 1812; x_wconf 89' lang='lat' dir='ltr'>ut</span> <span class='ocrx_word' id='word_1_130' title='bbox 431 1750 537 1813; x_wconf 90' lang='lat' dir='ltr'>cetera</span> <span class='ocrx_word' id='word_1_131' title='bbox 556 1746 689 1829; x_wconf 78' lang='lat' dir='ltr'>auferat,</span> <span class='ocrx_word' id='word_1_132' title='bbox 712 1744 816 1810; x_wconf 82' lang='lat' dir='ltr'>adfert</span> <span class='ocrx_word' id='word_1_133' title='bbox 834 1749 919 1809; x_wconf 90' lang='lat' dir='ltr'>certe</span> <span class='ocrx_word' id='word_1_134' title='bbox 941 1748 1097 1809; x_wconf 89' lang='lat' dir='ltr'>senectus.</span> 
     </span>
     <span class='ocr_line' id='line_1_19' title="bbox 92 1833 1097 1920; baseline -0.006 -18"><span class='ocrx_word' id='word_1_135' title='bbox 92 1838 279 1915; x_wconf 80' lang='lat' dir='ltr'>Quaerere</span> <span class='ocrx_word' id='word_1_136' title='bbox 303 1842 391 1901; x_wconf 88' lang='lat' dir='ltr'>aetas</span> <span class='ocrx_word' id='word_1_137' title='bbox 418 1837 519 1920; x_wconf 85' lang='lat' dir='ltr'>longa</span> <span class='ocrx_word' id='word_1_138' title='bbox 549 1839 610 1917; x_wconf 88' lang='lat' dir='ltr'>est,</span> <span class='ocrx_word' id='word_1_139' title='bbox 638 1839 693 1899; x_wconf 91' lang='lat' dir='ltr'>aut</span> <span class='ocrx_word' id='word_1_140' title='bbox 717 1834 792 1918; x_wconf 90' lang='lat' dir='ltr'>quid</span> <span class='ocrx_word' id='word_1_141' title='bbox 821 1834 950 1898; x_wconf 91' lang='lat' dir='ltr'>omnino</span> <span class='ocrx_word' id='word_1_142' title='bbox 973 1833 1097 1897; x_wconf 88' lang='lat' dir='ltr'>homini</span> 
     </span>
     <span class='ocr_line' id='line_1_20' title="bbox 92 1925 375 2011; baseline -0.004 -22"><span class='ocrx_word' id='word_1_143' title='bbox 92 1925 246 2011; x_wconf 84' lang='lat' dir='ltr'>longum?</span> <span class='ocrx_word' id='word_1_144' title='bbox 269 1947 375 1990; x_wconf 90' lang='lat' dir='ltr'>nonne</span> 
     </span>
    </p>
   </div>
   <div class='ocr_carea' id='block_1_3' title="bbox 158 2043 1098 2302">
    <p class='ocr_par' dir='ltr' id='par_1_3' title="bbox 158 2043 1098 2302">
     <span class='ocr_line' id='line_1_21' title="bbox 158 2043 1098 2131; baseline 0 -21"><span class='ocrx_word' id='word_1_145' title='bbox 158 2047 268 2111; x_wconf 78' lang='lat' dir='ltr'>Modo</span> <span class='ocrx_word' id='word_1_146' title='bbox 297 2069 452 2131; x_wconf 84' lang='lat' dir='ltr'>pueros,</span> <span class='ocrx_word' id='word_1_147' title='bbox 478 2046 587 2112; x_wconf 90' lang='lat' dir='ltr'>modo</span> <span class='ocrx_word' id='word_1_148' title='bbox 618 2046 887 2111; x_wconf 81' lang='lat' dir='ltr'>adulescentes</span> <span class='ocrx_word' id='word_1_149' title='bbox 914 2043 953 2109; x_wconf 88' lang='lat' dir='ltr'>in</span> <span class='ocrx_word' id='word_1_150' title='bbox 986 2066 1098 2110; x_wconf 90' lang='lat' dir='ltr'>cursu</span> 
     </span>
     <span class='ocr_line' id='line_1_22' title="bbox 629 2131 1009 2219; baseline -0.003 -20"><span class='ocrx_word' id='word_1_151' title='bbox 629 2158 648 2199; x_wconf 91' lang='lat' dir='ltr'>a</span> <span class='ocrx_word' id='word_1_152' title='bbox 670 2140 780 2219; x_wconf 90' lang='lat' dir='ltr'>tergo</span> <span class='ocrx_word' id='word_1_153' title='bbox 802 2131 1009 2217; x_wconf 85' lang='lat' dir='ltr'>insequens</span> 
     </span>
     <span class='ocr_line' id='line_1_23' title="bbox 159 2220 747 2302; baseline 0.005 -19"><span class='ocrx_word' id='word_1_154' title='bbox 159 2220 236 2283; x_wconf 74' lang='lat' dir='ltr'>Nec</span> <span class='ocrx_word' id='word_1_155' title='bbox 260 2220 460 2302; x_wconf 88' lang='lat' dir='ltr'>opinantis</span> <span class='ocrx_word' id='word_1_156' title='bbox 485 2220 667 2286; x_wconf 77' lang='lat' dir='ltr'>adsecuta</span> <span class='ocrx_word' id='word_1_157' title='bbox 690 2226 747 2286; x_wconf 89' lang='lat' dir='ltr'>est</span> 
     </span>
    </p>
   </div>
   <div class='ocr_carea' id='block_1_4' title="bbox 93 2357 1097 3584">
    <p class='ocr_par' dir='ltr' id='par_1_4' title="bbox 93 2357 1097 3319">
     <span class='ocr_line' id='line_1_24' title="bbox 94 2357 1097 2446; baseline 0.004 -23"><span class='ocrx_word' id='word_1_158' title='bbox 94 2358 262 2424; x_wconf 81' lang='lat' dir='ltr'>senectus?</span> <span class='ocrx_word' id='word_1_159' title='bbox 300 2357 363 2422; x_wconf 84' lang='lat' dir='ltr'>Sed</span> <span class='ocrx_word' id='word_1_160' title='bbox 385 2359 462 2441; x_wconf 88' lang='lat' dir='ltr'>quia</span> <span class='ocrx_word' id='word_1_161' title='bbox 483 2361 568 2424; x_wconf 90' lang='lat' dir='ltr'>ultra</span> <span class='ocrx_word' id='word_1_162' title='bbox 585 2360 668 2423; x_wconf 91' lang='lat' dir='ltr'>nihil</span> <span class='ocrx_word' id='word_1_163' title='bbox 687 2361 856 2446; x_wconf 86' lang='lat' dir='ltr'>habemus,</span> <span class='ocrx_word' id='word_1_164' title='bbox 879 2363 942 2428; x_wconf 89' lang='lat' dir='ltr'>hoc</span> <span class='ocrx_word' id='word_1_165' title='bbox 964 2364 1097 2446; x_wconf 89' lang='lat' dir='ltr'>longum</span> 
     </span>
     <span class='ocr_line' id='line_1_25' title="bbox 94 2445 1097 2532; baseline 0.004 -21"><span class='ocrx_word' id='word_1_166' title='bbox 94 2448 240 2512; x_wconf 91' lang='lat' dir='ltr'>dicimus.</span> <span class='ocrx_word' id='word_1_167' title='bbox 275 2445 391 2510; x_wconf 90' lang='lat' dir='ltr'>Omnia</span> <span class='ocrx_word' id='word_1_168' title='bbox 409 2447 486 2529; x_wconf 88' lang='lat' dir='ltr'>ista,</span> <span class='ocrx_word' id='word_1_169' title='bbox 508 2448 641 2531; x_wconf 86' lang='lat' dir='ltr'>perinde</span> <span class='ocrx_word' id='word_1_170' title='bbox 659 2451 696 2511; x_wconf 93' lang='lat' dir='ltr'>ut</span> <span class='ocrx_word' id='word_1_171' title='bbox 714 2449 827 2532; x_wconf 87' lang='lat' dir='ltr'>cuique</span> <span class='ocrx_word' id='word_1_172' title='bbox 847 2449 923 2513; x_wconf 91' lang='lat' dir='ltr'>data</span> <span class='ocrx_word' id='word_1_173' title='bbox 941 2453 1017 2515; x_wconf 91' lang='lat' dir='ltr'>sunt</span> <span class='ocrx_word' id='word_1_174' title='bbox 1038 2472 1097 2532; x_wconf 89' lang='lat' dir='ltr'>pro</span> 
     </span>
     <span class='ocr_line' id='line_1_26' title="bbox 94 2534 1097 2619; baseline 0 -19"><span class='ocrx_word' id='word_1_175' title='bbox 94 2541 166 2600; x_wconf 88' lang='lat' dir='ltr'>rata</span> <span class='ocrx_word' id='word_1_176' title='bbox 189 2539 294 2619; x_wconf 87' lang='lat' dir='ltr'>parte,</span> <span class='ocrx_word' id='word_1_177' title='bbox 318 2534 366 2598; x_wconf 91' lang='lat' dir='ltr'>ita</span> <span class='ocrx_word' id='word_1_178' title='bbox 389 2538 446 2598; x_wconf 88' lang='lat' dir='ltr'>aut</span> <span class='ocrx_word' id='word_1_179' title='bbox 466 2535 565 2619; x_wconf 88' lang='lat' dir='ltr'>longa</span> <span class='ocrx_word' id='word_1_180' title='bbox 588 2537 644 2598; x_wconf 88' lang='lat' dir='ltr'>aut</span> <span class='ocrx_word' id='word_1_181' title='bbox 667 2535 778 2599; x_wconf 86' lang='lat' dir='ltr'>brevia</span> <span class='ocrx_word' id='word_1_182' title='bbox 801 2536 956 2600; x_wconf 90' lang='lat' dir='ltr'>dicuntur.</span> <span class='ocrx_word' id='word_1_183' title='bbox 1001 2536 1097 2619; x_wconf 88' lang='lat' dir='ltr'>Apud</span> 
     </span>
     <span class='ocr_line' id='line_1_27' title="bbox 94 2622 1097 2708; baseline -0.001 -20"><span class='ocrx_word' id='word_1_184' title='bbox 94 2625 261 2708; x_wconf 86' lang='lat' dir='ltr'>Hypanim</span> <span class='ocrx_word' id='word_1_185' title='bbox 289 2623 436 2705; x_wconf 83' lang='lat' dir='ltr'>fluvium,</span> <span class='ocrx_word' id='word_1_186' title='bbox 464 2623 518 2706; x_wconf 93' lang='lat' dir='ltr'>qui</span> <span class='ocrx_word' id='word_1_187' title='bbox 546 2622 586 2686; x_wconf 91' lang='lat' dir='ltr'>ab</span> <span class='ocrx_word' id='word_1_188' title='bbox 609 2622 759 2705; x_wconf 81' lang='lat' dir='ltr'>Europae</span> <span class='ocrx_word' id='word_1_189' title='bbox 787 2627 880 2705; x_wconf 90' lang='lat' dir='ltr'>parte</span> <span class='ocrx_word' id='word_1_190' title='bbox 902 2624 936 2688; x_wconf 91' lang='lat' dir='ltr'>in</span> <span class='ocrx_word' id='word_1_191' title='bbox 958 2624 1097 2688; x_wconf 87' lang='lat' dir='ltr'>Pontum</span> 
     </span>
     <span class='ocr_line' id='line_1_28' title="bbox 94 2709 1096 2796; baseline -0.002 -20"><span class='ocrx_word' id='word_1_192' title='bbox 94 2712 212 2796; x_wconf 82' lang='lat' dir='ltr'>influit,</span> <span class='ocrx_word' id='word_1_193' title='bbox 240 2712 432 2776; x_wconf 85' lang='lat' dir='ltr'>Aristoteles</span> <span class='ocrx_word' id='word_1_194' title='bbox 459 2710 505 2774; x_wconf 93' lang='lat' dir='ltr'>ait</span> <span class='ocrx_word' id='word_1_195' title='bbox 530 2709 685 2774; x_wconf 88' lang='lat' dir='ltr'>bestiolas</span> <span class='ocrx_word' id='word_1_196' title='bbox 709 2710 865 2794; x_wconf 88' lang='lat' dir='ltr'>quasdam</span> <span class='ocrx_word' id='word_1_197' title='bbox 887 2712 990 2793; x_wconf 85' lang='lat' dir='ltr'>nasci,</span> <span class='ocrx_word' id='word_1_198' title='bbox 1017 2732 1096 2795; x_wconf 89' lang='lat' dir='ltr'>quae</span> 
     </span>
     <span class='ocr_line' id='line_1_29' title="bbox 93 2797 1097 2882; baseline 0 -19"><span class='ocrx_word' id='word_1_199' title='bbox 93 2822 192 2863; x_wconf 91' lang='lat' dir='ltr'>unum</span> <span class='ocrx_word' id='word_1_200' title='bbox 217 2800 301 2863; x_wconf 88' lang='lat' dir='ltr'>diem</span> <span class='ocrx_word' id='word_1_201' title='bbox 323 2799 442 2863; x_wconf 82' lang='lat' dir='ltr'>vivant.</span> <span class='ocrx_word' id='word_1_202' title='bbox 491 2797 542 2862; x_wconf 81' lang='lat' dir='ltr'>Ex</span> <span class='ocrx_word' id='word_1_203' title='bbox 568 2798 620 2862; x_wconf 92' lang='lat' dir='ltr'>his</span> <span class='ocrx_word' id='word_1_204' title='bbox 648 2798 749 2882; x_wconf 90' lang='lat' dir='ltr'>igitur</span> <span class='ocrx_word' id='word_1_205' title='bbox 770 2798 852 2862; x_wconf 93' lang='lat' dir='ltr'>hora</span> <span class='ocrx_word' id='word_1_206' title='bbox 874 2802 989 2862; x_wconf 87' lang='lat' dir='ltr'>octava</span> <span class='ocrx_word' id='word_1_207' title='bbox 1016 2820 1097 2882; x_wconf 88' lang='lat' dir='ltr'>quae</span> 
     </span>
     <span class='ocr_line' id='line_1_30' title="bbox 95 2889 1097 2969; baseline 0.002 -20"><span class='ocrx_word' id='word_1_208' title='bbox 95 2890 222 2950; x_wconf 87' lang='lat' dir='ltr'>mortua</span> <span class='ocrx_word' id='word_1_209' title='bbox 250 2891 313 2968; x_wconf 89' lang='lat' dir='ltr'>est,</span> <span class='ocrx_word' id='word_1_210' title='bbox 339 2889 491 2969; x_wconf 87' lang='lat' dir='ltr'>provecta</span> <span class='ocrx_word' id='word_1_211' title='bbox 518 2890 623 2950; x_wconf 91' lang='lat' dir='ltr'>aetate</span> <span class='ocrx_word' id='word_1_212' title='bbox 655 2889 783 2950; x_wconf 89' lang='lat' dir='ltr'>mortua</span> <span class='ocrx_word' id='word_1_213' title='bbox 815 2890 877 2968; x_wconf 77' lang='lat' dir='ltr'>est3</span> <span class='ocrx_word' id='word_1_214' title='bbox 909 2906 991 2968; x_wconf 91' lang='lat' dir='ltr'>quae</span> <span class='ocrx_word' id='word_1_215' title='bbox 1022 2909 1097 2952; x_wconf 86' lang='lat' dir='ltr'>vero</span> 
     </span>
     <span class='ocr_line' id='line_1_31' title="bbox 95 2973 1097 3058; baseline 0.001 -20"><span class='ocrx_word' id='word_1_216' title='bbox 95 2974 260 3038; x_wconf 86' lang='lat' dir='ltr'>occidente</span> <span class='ocrx_word' id='word_1_217' title='bbox 278 2973 356 3057; x_wconf 87' lang='lat' dir='ltr'>sole,</span> <span class='ocrx_word' id='word_1_218' title='bbox 374 2973 543 3057; x_wconf 86' lang='lat' dir='ltr'>decrepita,</span> <span class='ocrx_word' id='word_1_219' title='bbox 566 2996 603 3039; x_wconf 98' lang='lat' dir='ltr'>eo</span> <span class='ocrx_word' id='word_1_220' title='bbox 623 2974 735 3058; x_wconf 88' lang='lat' dir='ltr'>magis,</span> <span class='ocrx_word' id='word_1_221' title='bbox 759 2974 787 3037; x_wconf 89' lang='lat' dir='ltr'>si</span> <span class='ocrx_word' id='word_1_222' title='bbox 810 2974 908 3036; x_wconf 88' lang='lat' dir='ltr'>etiam</span> <span class='ocrx_word' id='word_1_223' title='bbox 932 2974 1097 3039; x_wconf 90' lang='lat' dir='ltr'>solstitiali</span> 
     </span>
     <span class='ocr_line' id='line_1_32' title="bbox 94 3058 1097 3147; baseline 0.001 -22"><span class='ocrx_word' id='word_1_224' title='bbox 94 3062 154 3125; x_wconf 90' lang='lat' dir='ltr'>dic.</span> <span class='ocrx_word' id='word_1_225' title='bbox 183 3058 302 3126; x_wconf 77' lang='lat' dir='ltr'>Confer</span> <span class='ocrx_word' id='word_1_226' title='bbox 315 3065 460 3127; x_wconf 86' lang='lat' dir='ltr'>nostram</span> <span class='ocrx_word' id='word_1_227' title='bbox 478 3062 702 3147; x_wconf 86' lang='lat' dir='ltr'>longissimam</span> <span class='ocrx_word' id='word_1_228' title='bbox 717 3064 857 3124; x_wconf 90' lang='lat' dir='ltr'>aetatem</span> <span class='ocrx_word' id='word_1_229' title='bbox 871 3081 944 3125; x_wconf 88' lang='lat' dir='ltr'>cum</span> <span class='ocrx_word' id='word_1_230' title='bbox 962 3064 1097 3126; x_wconf 91' lang='lat' dir='ltr'>aeterni·</span> 
     </span>
     <span class='ocr_line' id='line_1_33' title="bbox 94 3148 1097 3233; baseline 0.001 -20"><span class='ocrx_word' id='word_1_231' title='bbox 94 3154 175 3231; x_wconf 79' lang='lat' dir='ltr'>tate3</span> <span class='ocrx_word' id='word_1_232' title='bbox 202 3149 236 3212; x_wconf 90' lang='lat' dir='ltr'>in</span> <span class='ocrx_word' id='word_1_233' title='bbox 263 3148 375 3212; x_wconf 91' lang='lat' dir='ltr'>eadem</span> <span class='ocrx_word' id='word_1_234' title='bbox 401 3149 630 3233; x_wconf 88' lang='lat' dir='ltr'>propemodum</span> <span class='ocrx_word' id='word_1_235' title='bbox 658 3148 830 3229; x_wconf 89' lang='lat' dir='ltr'>brevitate,</span> <span class='ocrx_word' id='word_1_236' title='bbox 858 3170 921 3232; x_wconf 88' lang='lat' dir='ltr'>qua</span> <span class='ocrx_word' id='word_1_237' title='bbox 948 3149 1023 3214; x_wconf 90' lang='lat' dir='ltr'>illae</span> <span class='ocrx_word' id='word_1_238' title='bbox 1045 3151 1097 3214; x_wconf 87' lang='lat' dir='ltr'>bc·</span> 
     </span>
     <span class='ocr_line' id='line_1_34' title="bbox 95 3237 448 3319; baseline 0 -18"><span class='ocrx_word' id='word_1_239' title='bbox 95 3237 224 3319; x_wconf 88' lang='lat' dir='ltr'>stiolae‚</span> <span class='ocrx_word' id='word_1_240' title='bbox 246 3237 448 3319; x_wconf 90' lang='lat' dir='ltr'>reperiemur.</span> 
     </span>
    </p>

    <p class='ocr_par' dir='ltr' id='par_1_5' title="bbox 93 3322 1097 3584">
     <span class='ocr_line' id='line_1_35' title="bbox 162 3322 1096 3412; baseline 0.001 -23"><span class='ocrx_word' id='word_1_241' title='bbox 162 3323 412 3389; x_wconf 75' lang='lat' dir='ltr'>Contemnamus</span> <span class='ocrx_word' id='word_1_242' title='bbox 439 3324 540 3408; x_wconf 86' lang='lat' dir='ltr'>igitur</span> <span class='ocrx_word' id='word_1_243' title='bbox 568 3325 671 3388; x_wconf 90' lang='lat' dir='ltr'>omnis</span> <span class='ocrx_word' id='word_1_244' title='bbox 704 3324 844 3408; x_wconf 90' lang='lat' dir='ltr'>ineptias</span> <span class='ocrx_word' id='word_1_245' title='bbox 878 3322 979 3412; x_wconf 87' lang='lat' dir='ltr'>(quod</span> <span class='ocrx_word' id='word_1_246' title='bbox 1010 3327 1096 3390; x_wconf 90' lang='lat' dir='ltr'>enim</span> 
     </span>
     <span class='ocr_line' id='line_1_36' title="bbox 93 3411 1097 3497; baseline -0.001 -20"><span class='ocrx_word' id='word_1_247' title='bbox 93 3414 197 3477; x_wconf 89' lang='lat' dir='ltr'>levius</span> <span class='ocrx_word' id='word_1_248' title='bbox 223 3412 299 3477; x_wconf 83' lang='lat' dir='ltr'>huic</span> <span class='ocrx_word' id='word_1_249' title='bbox 325 3412 450 3476; x_wconf 85' lang='lat' dir='ltr'>levitati</span> <span class='ocrx_word' id='word_1_250' title='bbox 471 3432 588 3475; x_wconf 89' lang='lat' dir='ltr'>nomen</span> <span class='ocrx_word' id='word_1_251' title='bbox 615 3411 816 3497; x_wconf 74' lang='lat' dir='ltr'>imponaml)</span> <span class='ocrx_word' id='word_1_252' title='bbox 843 3416 1009 3496; x_wconf 89' lang='lat' dir='ltr'>totamque</span> <span class='ocrx_word' id='word_1_253' title='bbox 1033 3414 1097 3478; x_wconf 85' lang='lat' dir='ltr'>vim</span> 
     </span>
     <span class='ocr_line' id='line_1_37' title="bbox 93 3499 1096 3584; baseline 0.001 -19"><span class='ocrx_word' id='word_1_254' title='bbox 93 3501 175 3565; x_wconf 92' lang='lat' dir='ltr'>bene</span> <span class='ocrx_word' id='word_1_255' title='bbox 202 3501 329 3564; x_wconf 82' lang='lat' dir='ltr'>vivendi</span> <span class='ocrx_word' id='word_1_256' title='bbox 356 3500 391 3563; x_wconf 92' lang='lat' dir='ltr'>in</span> <span class='ocrx_word' id='word_1_257' title='bbox 418 3499 517 3564; x_wconf 90' lang='lat' dir='ltr'>animi</span> <span class='ocrx_word' id='word_1_258' title='bbox 543 3500 660 3564; x_wconf 89' lang='lat' dir='ltr'>robore</span> <span class='ocrx_word' id='word_1_259' title='bbox 687 3521 724 3564; x_wconf 89' lang='lat' dir='ltr'>ac</span> <span class='ocrx_word' id='word_1_260' title='bbox 751 3500 972 3584; x_wconf 87' lang='lat' dir='ltr'>magnitudine</span> <span class='ocrx_word' id='word_1_261' title='bbox 1002 3503 1035 3565; x_wconf 91' lang='lat' dir='ltr'>ct</span> <span class='ocrx_word' id='word_1_262' title='bbox 1062 3501 1096 3566; x_wconf 84' lang='lat' dir='ltr'>in</span> 
     </span>
    </p>
   </div>
   <div class='ocr_carea' id='block_1_5' title="bbox 0 0 1248 3848">
    <p class='ocr_par' dir='ltr' id='par_1_6' title="bbox 0 0 1248 3848">
     <span class='ocr_line' id='line_1_38' title="bbox 0 0 1248 3848; baseline 0 0"><span class='ocrx_word' id='word_1_263' title='bbox 0 0 1248 3848; x_wconf 95' lang='lat' dir='ltr'> </span> 
     </span>
    </p>
   </div>
  </div>
 </body>
</html>
