2476 3848
501 195 742 261 ..245-

120 383 193 426 cum
211 365 296 425 esset
315 361 402 426 aliud
421 362 619 445 simulatum,
642 361 730 426 aliud
753 364 869 426 actum.
905 359 976 426 Hoc
995 361 1124 445 quidem

121 469 197 513 sanc
220 448 379 514 luculente
407 453 444 514 ut
471 450 512 514 ab
535 449 666 514 homine
688 449 793 533 perito
818 448 998 513 definiendi.
1033 449 1123 536 Ergo

121 540 154 600 et
176 534 312 619 Pythius
334 540 367 601 et
390 558 500 602 omnes
525 537 613 601 aliud
641 540 789 622 agentes,
817 536 905 600 aliud
932 536 1087 601 simulant
1073 541 1122 601 tes

120 623 242 707 perfidi,
263 623 413 707 improbi,
435 625 539 689 malit'
516 626 599 690 bosi.
644 623 811 688 Nullum
802 624 865 725 igit
865 646 905 688 ur
927 645 1038 688 eorum
1059 624 1123 688 fac-

120 715 190 775 tum
212 714 320 795 potest
341 713 422 776 utile
445 734 530 797 esse,
557 734 630 777 cum
657 712 701 776 sit
723 715 774 776 tot
796 711 918 777 vitiis
909 712 1122 813 inquinatum.

186 797 306 873 Quodsi
329 800 504 882 Aquiliana
526 800 670 864 definitio
693 821 771 865 vera
793 803 859 883 est,
882 822 921 864 cx
944 799 1032 864 omni
1054 822 1087 863 ιιι
1078 761 1177 896 tal?

120 885 262 951 simulat'
238 891 285 951 tlo
317 886 509 951 dissimulat
486 892 595 972 troque
624 888 847 952 toll'tenda
798 891 855 951 est.
900 886 966 971 Ita,
997 909 1055 953 nec
1087 891 1123 951 ut

121 978 207 1037 emat
193 974 348 1038 tmelius
374 997 433 1058 nec
459 978 497 1039 ut
519 975 667 1058 vendat,
681 976 852 1076 quicquam
876 975 1044 1039 simulabit
1068 979 1125 1039 aut
1170 1018 1173 1022 ι

121 1061 338 1127 dissimulabit
364 1062 415 1126 vir
448 1063 561 1127 bonus.
606 1061 749 1147 Atqui
740 1063 928 1127 1stetdolus
955 1065 1060 1128 malus
1091 1066 1124 1127 et

121 1149 247 1248 legibus
270 1153 340 1214 crat
363 1150 553 1232 vindicatus,
575 1152 643 1214 ut
629 1171 664 1214 cn
684 1151 788 1215 tutela
807 1150 974 1216 duodecim
992 1151 1124 1233 tabulis,

120 1235 340 1320 circumscript
341 1237 372 1301 io
326 1238 595 1302 tadulescent'
571 1242 653 1301 tium
680 1238 753 1323 lege
780 1237 874 1302 Plaet
860 1239 958 1321 toria,
990 1243 1023 1303 et
1055 1239 1123 1303 sine

120 1323 192 1408 lege
214 1324 350 1408 iudiciis,
371 1325 406 1388 in
428 1325 544 1408 quibus
568 1324 697 1388 additur
719 1343 767 1388 nx
792 1343 874 1388 mon
898 1343 1001 1391 noun.
1038 1326 1124 1390 Reli·

121 1432 256 1493 quorum
284 1415 392 1476 autem
416 1412 606 1476 iudiciorum
628 1412 708 1476 haec
730 1412 830 1476 verba
857 1413 996 1476 maxime
1024 1413 1124 1477 excel-

121 1498 204 1562 lunt:
226 1499 262 1563 in
284 1499 420 1564 arbitrio
443 1500 489 1563 rei
512 1499 643 1563 uxoriae
662 1515 789 1564 namus
808 1516 967 1581 nequltia,
989 1500 1024 1562 in
1046 1499 1125 1563 fidu·

121 1586 236 1650 ciaon
258 1604 364 1651 mnan
385 1604 498 1653 Bonos
516 1604 609 1650 anun
628 1603 744 1650 ιιιιιιιι.
781 1584 864 1660 Quid
887 1587 987 1670 ergo?
1011 1589 1067 1649 aut
1089 1587 1125 1649 in

121 1694 168 1757 eo,
185 1691 280 1750 quon
294 1692 422 1740 numus
435 1691 593 1757 AEQUIUS,
611 1676 721 1758 potest
739 1673 808 1737 ulla
821 1694 897 1756 pars
915 1673 1020 1737 inesse
1038 1672 1124 1738 frau-

122 1760 192 1825 dis?
216 1765 280 1844 aut,
304 1784 375 1827 oum
399 1762 516 1826 dicitur
534 1779 641 1826 INTER
658 1777 773 1826 BONOS
791 1779 881 1825 BENE
900 1777 1015 1844 AGIER,
1038 1761 1124 1844 quic-

122 1870 218 1933 quam
240 1850 296 1934 agi
319 1849 429 1913 dolose
452 1854 508 1914 aut
531 1849 693 1914 malitiose
715 1850 846 1932 potest?
887 1847 991 1913 Dolus
1015 1851 1123 1912 autem

121 1937 226 2000 malus
244 1936 279 2000 in
297 1936 511 2021 simulatione,
533 1941 570 2001 ut
589 1937 636 2001 ait
649 1936 808 2020 Aquilius,
827 1936 1017 2000 continetur.
1050 1935 1123 2000 Tol·

120 2023 251 2088 lendum
279 2028 329 2088 est
356 2025 457 2108 igitur
484 2046 522 2089 ex
549 2025 645 2089 rebus
673 2024 900 2089 contrahendis
924 2045 1017 2089 omne
1037 2044 1123 2088 men-

121 2110 259 2193 dacium3
287 2133 354 2176 non
375 2111 606 2176 inlicitatorem
633 2112 795 2195 venditor,
821 2134 900 2194 non,
928 2112 983 2195 qui
1011 2115 1124 2176 contra

121 2219 155 2263 se
168 2198 313 2282 licentur,
332 2202 459 2282 emptor
478 2203 632 2283 apponet3
650 2203 794 2282 uterque,
813 2200 841 2262 si
855 2199 896 2262 ad
910 2199 1124 2283 eloquendum
1139 2245 1145 2255 ·

120 2286 257 2369 venerit,
284 2307 350 2350 non
372 2286 446 2369 plus
470 2308 567 2369 quam
590 2287 690 2350 semel
714 2287 889 2369 eloquetur.
935 2284 970 2360 Q.
995 2287 1123 2368 quidem
1142 2302 1176 2352 62

121 2370 275 2438 Scaevola
296 2373 331 2437 P.
353 2371 385 2457 f,
408 2396 481 2439 cum
502 2375 714 2457 postulasset,
736 2376 773 2437 ut
796 2373 858 2436 sibi
880 2372 1011 2456 fundus,
1035 2373 1124 2437 cuius
1218 2399 1222 2405 ·

122 2464 249 2544 emptor
271 2464 354 2543 erat,
384 2461 484 2524 semel
506 2460 701 2524 indicaretur
723 2459 818 2541 idque
841 2459 989 2523 venditor
1010 2459 1059 2522 ita
1081 2459 1124 2521 le-

121 2548 226 2630 cisset,
250 2547 331 2611 dixit
317 2552 383 2611 tse
401 2548 504 2631 pluris
519 2551 714 2628 aestumare3
737 2545 859 2609 addidit
845 2549 950 2610 tcent
951 2567 1006 2608 um
1024 2545 1123 2608 milia.

120 2633 303 2699 Nemot
253 2639 316 2714 cst,
347 2634 402 2735 qui
423 2634 485 2698 hoc
511 2634 574 2698 riri
600 2633 678 2698 boni
704 2633 803 2697 fuisse
830 2635 940 2717 neget,
968 2631 1123 2714 sapientis

121 2725 255 2806 negant,
286 2726 323 2785 ut
351 2722 378 2785 si
406 2722 554 2805 minoris,
586 2743 684 2822 quam
714 2719 887 2804 potuisset,
860 2717 1125 2782 tvendidisset.

121 2807 241 2874 Haec
233 2808 334 2894 igitur
357 2812 406 2872 est
429 2809 488 2872 illa
509 2809 674 2893 pernicies,
699 2807 784 2890 quod
803 2806 885 2870 alios
903 2805 1017 2905 bonos,
1041 2804 1124 2868 alios

122 2896 284 2979 sapientes
313 2897 395 2960 exist
396 2896 507 2959 imant.
485 2895 601 2959 tEx
631 2917 694 2996 quo
721 2892 888 2957 Ennius
893 2892 1125 2977 nequiquam

122 3004 269 3097 sapere
284 2983 511 3066 sapientem,
541 2983 605 3066 qui
632 2984 714 3066 ipse
742 2980 819 3045 sibi
844 2979 1028 3064 prodesse
1050 3001 1098 3047 uo

122 3069 269 3152 quiret'
314 3069 398 3134 Vere
424 3070 458 3133 id
485 3070 626 3170 quidem,
655 3069 695 3152 si,
723 3068 800 3152 quid
827 3071 912 3133 esset
940 3066 1050 3152 prode

121 3157 201 3220 mihi
224 3179 297 3222 cum
314 3157 421 3221 Ennio
440 3157 632 3222 conveniret.
668 3156 772 3221 Hecat
758 3160 868 3220 tonem
892 3155 1020 3241 quidem

122 3244 223 3328 dium,
246 3244 347 3329 discip
348 3245 439 3308 ulum
461 3243 611 3328 Panaeti,
634 3241 758 3308 video
748 3266 784 3307 ιιι
800 3243 841 3307 iis
860 3243 962 3328 libris,
985 3266 1029 3328 qu
1148 3282 1152 3309 ι

122 3331 228 3396 officio
257 3331 387 3416 scripsit
414 3330 449 3406 Q
473 3331 648 3416 Tuberoni,
675 3332 780 3397 dicere
807 3330 1037 3415 sapientis.

120 3418 220 3482 nihil
244 3423 379 3500 contra
402 3440 538 3502 moreS,
561 3420 682 3506 leges,
708 3419 788 3484 inst
773 3419 896 3484 tituta
917 3418 1021 3503 facie

120 3503 264 3570 habere
294 3506 483 3572 rationem
515 3507 572 3571 rei
602 3506 820 3573 familiaris.
864 3504 949 3593 Neq
987 3578 990 3585 ,
