2476 3848
475 186 716 261 ‚4454

94 354 208 418 beatus
231 354 336 419 nollet
359 377 437 420 esse.
473 352 601 419 Satisne
624 355 750 419 videtur
772 355 952 420 declarasse
974 355 1096 440 Diony-

93 442 160 506 sius
187 442 271 505 nihil
298 463 368 507 esse
395 443 424 506 ei
456 443 601 525 beatum,
628 443 678 506 cui
707 464 833 526 semper
862 443 962 528 aliqui
992 447 1098 509 terror

93 529 298 613 impendeat?
347 528 454 614 Atque
482 530 511 593 ei
539 552 580 595 ne
606 530 770 616 integrum
799 531 927 614 quidem
951 535 1034 614 erat,
1060 536 1097 596 nt

94 616 134 679 ad
165 617 323 681 iustitiam
355 617 560 703 remigraret,
591 618 714 683 civibus
746 618 930 682 libertatem
961 622 995 683 et
1024 620 1098 684 iura
1134 661 1136 664 -

92 704 251 786 redderet3
278 705 319 768 iis
348 705 434 770 enim
462 727 495 770 se
519 705 702 771 adulescens
729 705 899 789 inprovida
921 710 1027 771 aetate
1050 707 1097 772 in·

92 791 224 855 retieret
247 792 361 856 erratis
385 814 483 877 eaque
506 794 724 875 commiserat,
749 796 787 857 ut
809 794 916 859 salvus
940 816 1009 859 esse
1032 817 1098 861 non

92 883 213 963 posset,
237 880 264 943 si
288 901 384 944 sanus
407 902 476 945 esse
500 881 668 964 coepisset.

159 967 364 1050 Quantopere
382 989 458 1033 vero
479 969 639 1033 amicitias
662 969 869 1056 desideraret,
892 992 1026 1055 quarum
1048 947 1148 1072 ίη-ῗθξ

91 1055 281 1120 fidelitatem
322 1055 564 1137 extimescebat,
604 1056 780 1121 declaravit
815 1057 848 1121 in
885 1057 1095 1142 Pythagoriis

92 1144 217 1208 duobus
244 1143 324 1223 illis,
351 1163 487 1224 quorum
510 1165 582 1215 curn
606 1144 744 1208 alterum
766 1145 878 1209 vadem
907 1147 1020 1210 mortis
1044 1167 1096 1210 ac-

91 1231 243 1314 cepisset,
280 1231 374 1312 alter,
410 1234 446 1293 ut
481 1231 594 1295 vadem
631 1253 723 1295 suum
760 1232 926 1315 liberaret,
966 1236 1095 1315 praesto

91 1319 205 1384 fuisset
229 1318 269 1382 ad
292 1318 404 1382 horam
428 1318 540 1381 mortis
565 1317 770 1400 destinatam,
802 1319 973 1384 ‘Utinam
997 1318 1096 1403 ego’,

91 1407 209 1489 inquit,
228 1405 384 1469 ‘tertius
403 1405 511 1469 vobis
531 1406 674 1470 amicus
693 1405 963 1470 adscribererl’
990 1406 1095 1481 Quam

91 1494 166 1558 huic
204 1497 273 1557 erat
310 1494 462 1557 miserum
499 1514 605 1557 carere
647 1493 874 1557 consuetudine
911 1493 1095 1576 amicorum,

93 1581 246 1646 societate
278 1581 395 1662 victus,
432 1601 577 1645 sermone
610 1581 740 1645 omnino
771 1580 939 1663 familiari,
968 1580 1094 1644 homini

91 1668 280 1751 praesertim
303 1668 397 1733 docto
422 1690 442 1731 a
464 1689 562 1752 puero
587 1672 620 1731 et
642 1668 763 1732 artibus
787 1668 934 1751 ingenuis
958 1667 1094 1732 erudito!

90 1756 288 1821 Musieorum
321 1778 397 1820 vero
427 1755 675 1839 perstudiosum,
705 1758 834 1838 po‘e'tam
866 1756 964 1819 etiam
995 1755 1095 1839 tragi-

90 1866 163 1907 cum
186 1841 297 1928 (quam
315 1843 449 1925 bonum,
471 1843 553 1908 nihil
572 1843 613 1907 ad
630 1865 711 1924 rem3
734 1843 766 1905 in
789 1842 851 1907 hoe
869 1843 954 1907 enim
977 1863 1094 1926 genere

91 1932 200 1995 nescio
228 1953 291 2014 quo
318 1934 413 2014 pacto
442 1931 545 2015 magis
575 1953 672 2015 quam
698 1931 733 1994 in
761 1930 832 1994 aliis
861 1952 952 1995 suum
982 1935 1095 2014 cuique

92 2019 261 2102 pulchrum
290 2022 348 2082 est.
397 2018 512 2083 Adhuc
538 2019 700 2082 neminem
726 2019 861 2103 cognovi
888 2020 1018 2102 potitam
1047 2015 1096 2101 (et

92 2106 172 2170 mihi
201 2106 263 2169 fuit
290 2128 362 2169 eum
389 2106 531 2190 Aquinio
555 2104 725 2193 amicitia),
753 2106 807 2188 qni
831 2106 894 2170 sibi
916 2127 982 2170 non
1004 2109 1095 2188 optu-

90 2216 163 2257 mus
182 2194 353 2256 videretur.
390 2191 442 2257 Sic
461 2215 494 2256 se
513 2215 564 2256 res
587 2193 697 2257 habet:
723 2197 755 2256 te
773 2197 842 2273 tua,
865 2214 916 2256 me
934 2193 1096 2257 delectant

90 2279 177 2365 mea)
203 2316 240 2326 —
267 2280 322 2343 sed
349 2284 386 2343 ut
410 2280 450 2343 ad
472 2277 665 2361 Dionysium
688 2280 868 2361 redeamus,
895 2280 983 2345 omni
1006 2280 1095 2343 cultu

92 2374 126 2432 et
147 2369 233 2432 victu
255 2368 397 2431 humano
422 2367 563 2448 carebat3
589 2366 718 2430 vivebat
740 2387 811 2430 eum
834 2366 995 2450 fugitivis,
1023 2388 1096 2429 cum

90 2455 295 2537 facinerosis,
317 2477 390 2518 eum.
413 2453 572 2534 barbaris3
594 2458 769 2533 neminem,
791 2453 846 2536 qui
867 2455 924 2516 aut
945 2453 1096 2516 libertate

92 2543 209 2627 dignus
229 2546 314 2606 esset
334 2547 390 2606 aut
407 2541 506 2605 vellet
524 2540 654 2604 omnino
672 2539 756 2603 liber
774 2560 853 2623 esse,
876 2539 938 2603 sibi
958 2539 1096 2603 amicum

89 2630 322 2695 arbitrabatur.

158 2717 231 2781 Non
260 2737 319 2802 ego
348 2717 412 2781 iam
440 2738 510 2780 cum
538 2715 632 2780 huius
659 2714 740 2797 vita,
772 2735 835 2797 qua
862 2713 1010 2794 taetrius,
1037 2713 1095 2775 mi·
1105 2691 1149 2816 2⁶}

93 2805 211 2885 serius,
234 2804 456 2868 detestabilius
476 2804 657 2887 excogitare
676 2801 758 2866 nihil
780 2822 926 2884 possum,
949 2799 1094 2863 Platonis

93 2895 149 2953 ant
175 2891 336 2973 Archytae
363 2893 466 2955 vitam
493 2891 701 2974 comparabo,
730 2889 898 2954 doctorum
928 2887 1095 2951 hominum

87 2983 127 3041 et
148 2978 244 3059 plane
269 2979 475 3063 sapientium3
499 3001 537 3042 ex
560 2978 671 3043 eadem
689 2976 768 3040 urbe
787 2974 943 3038 humilem
961 2973 1095 3038 homun-

91 3065 199 3128 culum
229 3085 248 3127 a
274 3064 403 3147 pulvere
427 3069 460 3128 et
485 3066 575 3130 radio
604 3065 764 3145 excitabo,
790 3062 844 3146 qui
871 3062 981 3126 multis
1005 3063 1095 3127 annis

92 3155 169 3236 post
186 3151 257 3231 fuit,
274 3151 507 3216 Archimedem.
545 3149 642 3216 (luins
663 3172 722 3236 ego
742 3153 893 3235 quaestor
910 3151 1094 3235 ignoratum

94 3243 133 3305 ab
158 3238 378 3323 Syracusanis,
409 3260 481 3303 eum
504 3260 573 3303 esse
597 3240 726 3304 omnino
749 3240 918 3323 negarent,
948 3242 1095 3322 saeptum

92 3328 231 3411 undique
255 3330 288 3391 et
309 3326 462 3390 vestitum
480 3326 630 3410 vepribus
655 3331 689 3390 et
710 3327 848 3391 dumetis
872 3326 1023 3411 indagavi
1048 3347 1095 3388 se-

92 3417 247 3498 pulcrum.
296 3412 457 3478 Tenebam
490 3415 577 3478 enim
610 3415 767 3498 quosdam
794 3414 983 3491 senariolos,
1014 3434 1095 3495 quos

91 3505 127 3566 in
159 3503 238 3568 eius,
258 3503 465 3567 monumento
497 3526 567 3569 esse
598 3502 771 3586 inscriptos
805 3521 1002 3584 acceperam,
1040 3500 1096 3582 qui
