2476 3848
485 159 725 224 -423-

101 321 276 376 demonstrat
293 321 428 376 virtutem
441 320 551 376 efficere
569 321 711 376 hominem
723 337 780 376 non
792 321 883 375 solum
895 321 1017 389 beatum,
1032 319 1107 388 quod

102 391 140 446 sit
158 390 259 446 Stoicis
278 408 342 446 curn
358 390 527 447 Academiae
545 391 649 445 ιιιιιιι
671 391 801 473 philosop
801 391 846 445 his
865 393 894 446 et
911 364 1107 471 Peripateticis

102 477 259 528 commune,
279 462 330 516 sed
347 461 434 517 etiam
451 461 644 517 beatissimum
657 461 726 516 vel
717 479 747 516 m
765 461 889 516 cruciatu
905 463 934 516 et
951 459 1107 527 tormentis,

103 531 177 600 quod
196 503 293 587 conire
316 531 411 587 dicant
433 531 571 587 Platonici
593 533 623 587 et
639 530 832 601 Peripatetici,
855 530 903 599 qui
924 530 1029 586 virtute
1048 529 1107 598 qui·

102 602 167 656 dem
184 602 297 657 beatam
318 601 408 658 vitam
431 619 490 658 esse
514 602 696 669 contendant,
719 601 769 656 sed
787 601 946 657 accessione
970 601 1108 656 bonorum

103 672 225 740 corporis
249 675 279 727 et
299 672 429 728 fortunae
446 672 507 728 ficri
528 673 683 729 beatiorem
701 673 772 797 (cap.
794 677 925 743 14-28)
961 671 1106 726 Postremo

102 743 205 797 subicit
193 745 239 797 tur
255 743 342 813 longa
360 743 527 813 disputatio,
546 761 601 812 qua
618 743 732 798 initioa
768 742 898 798 latonicis
917 743 946 796 et
962 740 1107 809 Peripate-

101 812 165 866 ticis
182 812 259 868 facto
279 813 434 868 ostenditur
441 830 520 882 ,quo
539 814 624 869 modo
641 815 674 867 ut
692 815 847 868 ceterorum
866 812 1001 879 omnium,
1020 811 1087 864 ita
1077 829 1108 866 m

102 882 200 952 primis
218 883 419 966 Epicureorum
437 857 472 939 de
490 885 545 939 fine
562 884 699 940 bonorum
717 883 872 939 sententiae
891 854 1107 939 ιοιιιιιιιιιιιιιιιι

102 955 183 1023 putet
201 953 341 1023 sapientes
360 970 470 1023 semper
486 954 663 1010 beatissimos
681 954 773 1010 dicere
791 956 863 1024 (cap.
882 959 956 1009 29-
962 955 1015 1023 41).

169 1113 305 1189 Quintus
323 1114 376 1179 hic
394 1115 476 1198 dics,
494 1113 604 1199 Brute,
622 1115 720 1179 finem
737 1115 836 1180 faciet
853 1115 1107 1181 Tusculanarum
1127 1073 1145 1196 ι

103 1202 372 1285 disputationum,
402 1224 465 1286 quo
494 1202 545 1265 die
572 1208 621 1267 est
645 1225 665 1267 a
686 1204 780 1268 nobis
804 1225 842 1267 ea
869 1204 907 1268 de
935 1225 982 1287 re,
1010 1224 1107 1286 quam

103 1295 140 1354 tu
162 1311 200 1353 cx
224 1289 374 1354 omnibus
397 1290 536 1354 maxime
558 1290 691 1374 probas,
719 1291 926 1373 disputatum.
975 1289 1107 1354 Placere

103 1378 188 1442 enim
207 1377 269 1442 tibi
288 1376 459 1442 admodum
478 1378 564 1441 sensi
583 1380 616 1441 et
638 1398 677 1441 ex
695 1398 732 1442 ιο
755 1379 853 1460 libro,
876 1399 970 1462 quem
993 1377 1033 1440 ad
1057 1398 1108 1441 me

104 1466 343 1531 accuratissime
367 1464 537 1547 scripsisti,
568 1467 601 1528 ιι
622 1486 661 1528 ιι
684 1466 794 1529 multis
819 1464 1019 1529 sermonibus
1042 1464 1107 1527 tuis

102 1553 254 1618 virtutem
282 1553 322 1617 ad
349 1554 442 1618 beate
469 1552 639 1617 vivendum
668 1574 702 1617 ιι
729 1553 800 1636 ipsa
823 1574 891 1616 csse
914 1554 1108 1616 contentam.
1136 1571 1139 1577 ·

103 1641 196 1716 Quod
224 1640 285 1705 etsi
312 1641 441 1705 difficile
468 1644 519 1705 ιιι
543 1641 682 1724 probatu
708 1643 841 1724 propter
867 1644 935 1704 tam
962 1639 1053 1703 varia
1076 1643 1109 1704 et

102 1734 171 1793 tam
190 1729 292 1793 multa
314 1732 476 1794 tormenta
497 1728 661 1811 fortunae,
683 1728 749 1792 tale
770 1732 878 1793 tamen
901 1733 963 1810 cst,
988 1731 1022 1791 ut
1044 1727 1107 1791 cla·

103 1816 283 1882 horandum
306 1817 362 1900 sit,
390 1839 453 1901 quo
477 1815 604 1881 facilius
627 1816 788 1899 probetur.
832 1814 925 1881 Nihil
949 1818 999 1880 ιιι
1022 1815 1108 1879 enim

104 1906 260 1988 omnium,
284 1926 364 1988 quae
382 1905 417 1969 in
434 1903 641 1988 philosophia
657 1907 852 1987 tractantur,
872 1904 958 1987 quod
977 1902 1108 1987 gravius

103 1993 424 2077 magnificentiusque
454 1992 586 2058 dicatur.
639 1989 725 2056 Nam
755 2014 827 2057 cum
856 2013 894 2056 ea
922 2012 1019 2056 causa
1048 1992 1143 2056 ιιι-ι

102 2081 223 2162 pulerit
241 2102 305 2163 eos,
328 2081 383 2164 qui
401 2080 497 2163 primi
516 2102 550 2145 ιι
570 2079 611 2144 ad
628 2079 853 2163 philosophiae
872 2079 1014 2144 studium
1033 2100 1108 2143 con-

103 2167 260 2250 tulerunt,
293 2170 330 2232 ut
358 2168 506 2233 omnibus
537 2168 633 2232 rebus
665 2168 862 2251 posthabitis
893 2171 981 2234 totos
1009 2189 1043 2232 ιι
1074 2168 1109 2231 in

105 2258 236 2336 optumo
264 2255 350 2319 vitae
379 2259 467 2320 statu
494 2255 688 2339 exquirendo
719 2256 935 2340 conlocarant,
964 2254 1108 2339 profecto

105 2363 161 2425 spe
179 2342 272 2405 beate
291 2342 418 2406 vivendi
440 2346 565 2406 tantam
588 2343 623 2407 in
646 2365 683 2407 eo
708 2343 814 2407 studio
838 2365 945 2407 curam
964 2365 1109 2426 operam·

105 2451 166 2513 que
184 2432 367 2513 posuerunt.
399 2429 521 2505 Quodsi
536 2430 576 2494 ab
595 2430 635 2494 iis
654 2430 783 2494 inventa
800 2433 834 2494 et
851 2431 994 2515 perfecta
1007 2430 1108 2495 virtus

105 2521 168 2602 est,
192 2521 224 2581 et
247 2517 275 2582 si
297 2517 449 2601 praesidii
467 2517 507 2581 ad
525 2517 620 2581 beate
642 2517 814 2583 vivendum
837 2519 871 2582 in
889 2519 1009 2583 virtute
1029 2518 1109 2581 satis

105 2610 168 2690 est,
197 2607 267 2690 quis
296 2609 359 2689 est,
385 2605 439 2689 qui
464 2627 531 2670 non
556 2606 721 2690 praeclare
748 2609 780 2670 et
808 2606 848 2670 ab
878 2606 945 2670 illis
967 2604 1108 2688 positam

106 2699 138 2758 ιι
152 2717 171 2758 a
184 2694 278 2758 nobis
298 2696 478 2776 susceptam
494 2714 625 2777 operam
644 2693 895 2777 philosophandi
913 2691 1107 2758 arbitretur?

106 2780 163 2844 Sin
181 2786 289 2846 autem
307 2781 409 2846 virtus
428 2781 571 2846 subiecta
590 2780 649 2845 sub
668 2781 775 2845 varios
795 2783 995 2864 incertosque
1015 2801 1108 2845 casus

105 2867 227 2933 famula
253 2869 403 2933 fortunae
431 2871 481 2934 ιιι
506 2890 564 2933 nec
592 2872 757 2932 tantarum
784 2869 901 2933 virium
927 2871 989 2951 est,
1016 2870 1053 2931 ut
1074 2889 1109 2932 ιι

105 2956 176 3036 ipsa
193 2960 336 3038 tueatur,
354 2978 480 3040 vercor,
496 2978 538 3021 ιιι
555 2977 621 3020 non
638 2960 706 3019 tam
725 2956 852 3021 virtutis
871 2956 988 3020 fiducia
1004 2955 1054 3019 nit
1055 2976 1109 3018 en·

105 3043 179 3105 dum
198 3044 293 3107 nobis
312 3006 352 3106 ιιι
371 3066 461 3127 spem
484 3045 577 3108 beate
594 3043 722 3108 vivendi
746 3066 842 3129 quam
864 3047 941 3110 ιοιι
907 3043 1108 3109 tafacicnda

104 3130 279 3196 videantur.
322 3128 480 3214 Equidem
503 3153 557 3197 eos
581 3153 689 3216 casus,
710 3131 746 3196 in
768 3131 883 3216 quibus
906 3152 957 3196 ιιιι
978 3130 1046 3197 fort

105 3217 276 3282 vehement
262 3221 311 3282 ter
330 3219 483 3302 exercuit,
506 3240 631 3283 mecum
648 3220 718 3302 ipse
737 3219 941 3284 considerans
964 3218 1039 3285 huic
1065 3218 1073 3235 '

105 3307 189 3390 cipio
213 3309 284 3370 ιιιιι
285 3309 339 3370 ent
340 3306 389 3370 ιιι
413 3270 589 3371 diffidere
578 3312 629 3371 ιιιι
615 3306 798 3372 terdumt
765 3311 798 3372 ot
824 3306 958 3373 humani
980 3327 1044 3392 gen

104 3395 360 3459 imbecillitatem
397 3393 672 3480 fragilitatemque
712 3395 925 3461 extimescere.
985 3393 1016 3459 V

105 3483 213 3567 enim,
226 3505 268 3547 ne
290 3486 419 3568 natura,
446 3504 518 3548 cum
541 3503 677 3567 corpora
698 3483 792 3548 nobis
816 3482 946 3548 infirma
967 3482 989 3547 d
1030 3480 1039 3498 ’
