2476 3848
537 179 688 244 -368
737 172 776 225 -’

154 344 263 406 autem
291 341 384 405 abest
415 341 456 405 ab
484 361 535 423 eo,
566 343 603 404 ut
629 340 751 403 malum
779 361 867 404 mors
895 341 951 422 sit,
982 339 1068 425 quod
1097 342 1161 406 tibi

154 429 274 493 dudum
297 428 478 511 videbatur,
501 432 538 493 ut
558 449 685 510 verear,
710 448 752 491 nc
773 427 899 492 homini
920 428 1003 493 nihil
1027 429 1162 495 sitnon

154 517 274 581 malum
303 515 403 593 aliud,
431 519 516 580 certe
544 517 587 580 sit
608 515 690 579 nihil
712 515 834 580 bonum
857 516 944 580 aliud
965 517 1089 601 potius,
1118 518 1161 582 si·

155 605 282 689 quidem
305 604 356 668 vel
380 604 412 667 di
434 605 497 688 ipsi
519 604 571 666 vel
595 625 667 667 cum
690 603 739 668 dis
762 603 863 668 futuri
886 625 1004 669 sumus.

220 693 261 755 A.
288 691 373 768 Quid
395 691 515 756 refert?

220 786 266 843 M.
284 779 413 843 Adsunt
427 778 521 861 enim,
540 779 596 863 qui
608 779 688 843 haec
701 801 766 844 non
785 778 929 862 probent.
958 779 1031 864 Ego
1051 786 1160 847 autem

153 889 328 950 numquam
354 867 400 930 ita
428 870 460 930 te
488 867 522 930 in
549 867 611 930 hoc
638 888 786 931 sermone
814 867 988 951 dimittam,
1014 870 1084 934 ulla
1111 873 1160 935 uti

154 957 280 1019 ratione
303 976 389 1019 mors
412 954 475 1018 tibi
497 953 598 1018 videri
621 954 744 1019 malum
766 956 879 1038 possit.

123 1057 135 1103 r
220 1043 260 1106 A.
289 1040 351 1116 Qui
373 1045 494 1125 potest,
519 1063 591 1106 cnm
615 1043 679 1107 ista
701 1043 928 1126 cognoverim?

219 1137 264 1194 M.
288 1129 349 1205 Qui
380 1129 496 1213 possit,
523 1131 643 1214 rogas?
694 1128 847 1194 Catervae
880 1131 1013 1196 veniunt
1045 1137 1160 1200 contra

155 1218 342 1300 dicentium,
364 1239 424 1282 nec
443 1218 547 1282 solum
565 1216 810 1301 Epicureorum,
829 1239 909 1300 quos
929 1220 1075 1304 equidem
1093 1243 1161 1287 non

153 1306 308 1390 despicio,
341 1305 396 1369 sed
426 1307 534 1370 nescio
568 1328 630 1389 quo
663 1306 757 1370 modo
789 1305 993 1372 doctissimus
1023 1309 1159 1394 quisque

155 1395 367 1476 [contemnit],
386 1416 550 1459 acerrume
564 1397 673 1459 autem
687 1393 819 1458 deliciae
837 1416 927 1459 meae
943 1393 1158 1463 Dicaearchus

154 1486 268 1547 contra
294 1482 378 1546 hanc
405 1483 680 1547 immortalitatem
708 1481 868 1548 disseruit.
917 1481 950 1547 Is
982 1484 1066 1548 enim
1097 1485 1158 1550 tris

153 1570 255 1635 libros
274 1570 412 1653 scripsit,
431 1571 486 1654 qui
505 1570 683 1635 Lesbiaci
701 1577 868 1654 vocantur,
887 1571 973 1656 quod
990 1571 1158 1655 Mytilenis

155 1679 259 1722 sermo
287 1657 436 1742 habetur,
465 1659 500 1722 in
526 1658 641 1740 quibus
673 1657 743 1721 volt
774 1658 900 1723 efficere
929 1661 1055 1724 animos
1088 1683 1159 1726 esse

154 1746 308 1810 mortalis.
346 1743 446 1810 Stoici
470 1749 576 1810 antem
599 1768 731 1810 usuram
754 1746 848 1810 nobis
872 1747 1052 1830 largiuntur
1074 1752 1159 1812 tam-

155 1856 251 1916 quam
274 1833 466 1917 cornicibns3
491 1833 544 1897 diu
567 1856 735 1899 mansuros
759 1835 850 1899 aiunt
872 1835 1007 1915 animos,
1031 1855 1159 1918 semper

102 1919 282 2006 32negant.
327 1918 414 1984 Num
436 1943 503 1984 non
525 1922 574 1985 vis
597 1922 697 2006 igitur
720 1921 843 2005 audire,
870 1943 937 2004 cur,
960 1921 1086 1984 etiamsi
1108 1923 1157 1986 ita

155 2011 213 2089 sit,
236 2030 322 2072 mors
347 2014 456 2072 tamen
478 2030 544 2073 non
568 2009 667 2073 sitin
691 2009 806 2073 malis?

155 2183 176 2246 d
220 2098 260 2246 ll
279 2095 334 2245 tUt
365 2096 504 2180 videtur3
541 2097 596 2160 sed
628 2119 679 2161 me
715 2119 809 2162 nemo
846 2098 885 2162 de
920 2096 1159 2161 inmortalitate

177 2205 234 2265 epe
261 2205 301 2246 e.

102 2285 135 2334 rs
219 2277 264 2334 Μ.
286 2269 397 2336 Laudo
420 2273 453 2336 id
475 2273 617 2356 quidem,
640 2274 703 2337 etsi
720 2273 802 2336 nihil
819 2273 917 2337 nimis
938 2276 1068 2357 oportet
1084 2294 1159 2338 con-

62 3454 116 3634 l

153 2358 260 2422 fidere.
309 2360 476 2424 Movemur
504 2361 590 2425 enim
618 2383 712 2444 saepe
741 2361 847 2444 aliquo
876 2364 968 2426 acute
999 2362 1160 2445 concluso,

153 2445 300 2512 labamus
324 2452 548 2532 mutamusque
571 2450 763 2513 sententiam
790 2449 980 2514 clarioribus
1003 2450 1101 2514 etiam
1124 2452 1161 2515 in

153 2535 261 2619 rebus3
289 2536 323 2600 in
350 2536 401 2600 his
431 2541 480 2600 est
507 2537 592 2601 enim
620 2537 729 2620 aliqua
756 2536 945 2601 obscuritas.
994 2534 1032 2599 Id
1059 2538 1162 2621 igitur

155 2624 183 2686 si
206 2624 371 2708 acciderit,
397 2625 497 2688 simus
521 2626 645 2688 armati.

219 2713 261 2776 A.
289 2711 370 2776 Sane
393 2713 533 2796 quidem,
556 2713 674 2776 sedne
697 2712 835 2794 accidat,
857 2711 1040 2794 providebo,

220 2806 265 2862 M.
284 2800 370 2864 Num
389 2801 464 2882 quid
483 2801 582 2884 igitur
597 2804 646 2865 est
660 2822 783 2878 causae,
803 2801 881 2883 quin
895 2800 1015 2864 amicos
1029 2805 1160 2867 nostros

155 2886 280 2951 Stoicos
304 2888 527 2952 dimittamus?
557 2910 612 2952 eos
635 2889 721 2972 dieo,
749 2887 803 2972 qui
827 2888 918 2952 aiunt
941 2910 1070 2954 manere
1094 2890 1160 2953 aui·

154 2997 238 3056 moS,
262 2998 334 3039 cum
358 2998 374 3039 e
398 2998 530 3059 corpore
555 2979 760 3060 excesserint,
784 2976 929 3040 sednon
952 2999 1086 3060 semper.

219 3063 260 3126 A.
283 3063 369 3128 Istos
396 3086 487 3147 vero,
516 3065 583 3149 qui,
611 3066 695 3147 quod
718 3069 787 3129 tota
816 3065 851 3128 in
873 3064 934 3129 hac
958 3087 1054 3130 causa
1077 3065 1160 3129 diffi-

155 3149 310 3213 cillimum
338 3154 400 3234 est,
429 3153 619 3234 suscipiant,
646 3175 740 3235 posse
768 3153 911 3216 animum
939 3173 1068 3217 manere
1090 3172 1160 3214 cor-

154 3258 231 3318 pore
252 3242 433 3315 vacantem,
456 3239 536 3303 illud
555 3242 675 3322 autem,
698 3240 781 3323 quod
798 3262 865 3305 non
884 3240 980 3306 modo
1003 3237 1098 3303 facile
1117 3240 1159 3303 ad

154 3325 347 3389 credendum
376 3330 438 3403 est,
467 3327 521 3391 sed
549 3348 586 3390 eo
616 3348 781 3411 concesso,
808 3327 894 3412 quod
926 3327 1053 3408 volunt,
1084 3346 1160 3390 con-

154 3432 303 3497 sequens,
333 3413 367 3478 id
387 3435 454 3477 nou
477 3415 664 3498 concedant,
686 3419 737 3497 ut,
765 3437 835 3480 eum
858 3415 914 3480 diu
936 3415 1160 3498 permanserit,

151 3523 193 3564 ne
216 3502 361 3566 intereat.
