2476 3848
525 175 763 241 ..450-

143 333 365 399 beatissimum
393 333 492 398 etiam
522 333 677 398 dixerim?
728 332 881 399 Dolorem
909 353 985 398 vero
1016 332 1156 417 sapiens

142 421 349 487 extimescet?
372 420 401 485 is
420 421 506 485 enim
528 421 603 486 huie
621 422 759 486 maxime
778 420 954 486 sententiae
976 427 1154 507 repugnat.

141 510 227 575 Nam
245 513 358 574 contra
375 513 512 574 mortem
533 512 678 574 nostram
698 512 794 593 atque
812 511 998 574 nostrorum
1018 512 1154 575 contra-

143 619 204 682 que
223 597 457 682 aegritudinem
475 601 508 661 et
520 598 658 681 reliquas
673 597 773 661 animi
790 596 1050 680 perturbationes
1064 598 1155 663 eatis

143 706 213 752 esse
226 685 371 751 videmur
389 686 589 770 superiorum
603 685 726 749 dierum
740 684 1012 767 disputationibus
1026 686 1155 751 armati
1169 752 1174 761 ,

143 779 176 840 et
196 774 316 858 parati,
341 774 433 837 dolor
452 794 521 837 esse
539 773 664 838 videtur
681 794 864 839 acerrumus
883 772 1012 837 virtutis
1036 771 1154 838 adver·

143 863 259 945 sariue3
295 862 324 926 is
362 862 508 925 ardentes
539 860 624 926 faces
663 862 816 944 intentat,
848 861 876 924 is
912 860 1155 946 fortitudinem,

144 949 398 1033 magnitudinem
419 949 529 1031 animi,
551 949 742 1032 patientiam
766 971 800 1014 se
820 948 1065 1013 debilitaturum
1088 950 1154 1014 mi·

91 1053 123 1100 77
143 1041 245 1101 natur.
294 1035 379 1101 Huic
406 1036 505 1120 igitur
532 1038 717 1103 succumbet
737 1037 854 1119 virtus,
878 1036 954 1101 huic
975 1036 1074 1101 beata
1098 1058 1154 1103 ea·

143 1124 261 1209 pientis
284 1129 317 1188 et
339 1125 519 1188 constantis
541 1125 603 1190 riri
625 1126 693 1190 rita
715 1124 828 1190 cedet?
874 1123 976 1201 Quam
997 1127 1107 1209 turpe,
1131 1148 1153 1192 o

143 1213 175 1277 di
197 1211 287 1277 boni!
323 1212 419 1276 Pueri
442 1210 622 1296 Spartiatae
645 1235 710 1278 non
731 1214 953 1298 ingemescunt
974 1213 1153 1281 verberum

142 1300 251 1366 dolore
287 1300 411 1364 laniati
464 1300 727 1366 Adulescentium
760 1321 874 1386 greges
905 1299 1153 1367 Lacedaemone

142 1389 316 1454 vidimus
307 1388 371 1472 rpsi
396 1388 574 1454 incredibili
602 1389 806 1454 contentione
833 1387 986 1453 certantis
1017 1391 1153 1474 pugnis,

143 1476 298 1578 calcibus,
324 1478 498 1562 unguibus,
525 1499 634 1542 morsu
657 1477 805 1561 denique,
830 1497 902 1540 oum
925 1476 1152 1542 exanimaren-

142 1568 197 1629 tur
217 1565 320 1648 prius,
346 1586 443 1648 quam
465 1565 566 1630 victos
591 1587 624 1630 se
652 1566 840 1631 faterentur.
884 1563 972 1640 Quae
994 1563 1151 1629 barbaria

142 1652 235 1717 India
261 1653 385 1717 vestior
411 1656 468 1717 aut
495 1653 716 1739 agrestior?
706 1676 741 1717 m
764 1674 801 1717 ea
830 1655 940 1716 tamen
962 1653 1058 1735 gente
1078 1653 1148 1734 pri-

142 1763 231 1805 mum
254 1741 297 1823 ei,
320 1742 374 1824 qui
397 1741 557 1824 sapientes
580 1741 754 1823 habentur,
782 1739 859 1804 nudi
882 1742 1020 1802 aetatem
1044 1743 1149 1823 agunt

143 1832 176 1892 et
194 1827 328 1894 Caucasi
349 1829 440 1893 nives
463 1828 696 1913 hiemalemque
719 1829 785 1892 vim
808 1826 975 1911 perferunt
997 1826 1066 1891 sine
1089 1826 1150 1893 do·

142 1917 222 1998 lore,
249 1937 382 1998 cumque
406 1916 446 1980 ed
472 1917 636 1980 flammam
659 1938 692 1980 se
716 1916 970 1999 adpliceverunt,
999 1914 1068 1979 sine
1092 1934 1150 2000 ge·

90 2025 124 2075 ‘18
143 2004 224 2068 mitu
256 2004 442 2068 aduruntur.
494 2004 645 2067 Mulieres
677 2025 751 2068 vero
783 2004 818 2067 in
848 2002 953 2084 India,
989 2023 1063 2065 eum
1097 2007 1151 2069 est

143 2091 319 2156 communis
343 2112 451 2155 earum
475 2091 525 2155 vir
547 2096 706 2173 mortuus,
733 2092 768 2155 in
790 2095 951 2156 certamen
977 2088 1151 2157 iudicium·

143 2199 204 2261 que
217 2178 358 2262 veniunt,
376 2201 472 2263 quem
490 2180 664 2262 plurimum
682 2180 737 2243 ille
756 2179 904 2243 dilexerit
922 2175 1044 2262 (plures
1059 2179 1152 2245 enim

143 2265 279 2350 singulis
299 2267 404 2330 solent
422 2289 491 2331 esse
510 2264 657 2351 nuptae);
680 2289 761 2352 quae
780 2273 829 2331 est
847 2266 974 2349 victrix,
997 2286 1036 2329 ea
1058 2266 1153 2333 laeta

142 2354 406 2437 prosequentibus
426 2356 492 2419 suis
510 2378 575 2420 una
593 2377 665 2420 cum
683 2356 752 2421 viro
772 2356 807 2419 in
825 2375 939 2441 rogum
957 2353 1152 2440 imponitur,

142 2443 199 2508 ille
224 2443 310 2508 vieta
337 2446 461 2508 maesta
488 2443 630 2509 discedit
608 2441 863 2526 tNumquam
893 2444 1042 2506 naturam
1073 2463 1150 2509 mos

142 2532 295 2615 vinceret3
319 2534 368 2596 est
386 2533 470 2596 enim
494 2553 532 2596 ea
554 2554 681 2614 semper
697 2531 831 2615 invicta3
854 2529 910 2595 sed
927 2551 987 2594 nos
1010 2530 1153 2617 umbris,

143 2618 281 2701 deliciis,
312 2621 393 2702 otio,
430 2619 596 2704 languore,
633 2618 754 2683 desidia
790 2618 931 2682 animum
965 2616 1151 2704 infecimus,

143 2669 539 2879 ΞΞΞΞΞΞΞΞΞΞΞ
563 2669 1151 2879 ,reuerterentur

143 2800 275 2948 meiited
286 2884 455 2966 pravitatis
475 2883 636 2948 erroribus
655 2883 799 2968 quamvis
819 2881 1035 2946 carnificinam
1053 2883 1150 2964 prius

143 2971 312 3054 subierint,
349 2994 443 3056 quam
479 2971 559 3035 ibim
590 2974 647 3035 aut
678 2970 821 3055 aspidem
853 2973 909 3033 aut
939 2969 1053 3033 faelem
1088 2974 1151 3035 aut

143 3080 255 3122 canem
279 3062 336 3122 aut
358 3058 554 3124 crocodilum
570 3058 704 3141 violent,
727 3079 862 3142 quorum
884 3056 1013 3121 etiamsi
1034 3056 1151 3139 inpru-

143 3147 253 3210 dentes
283 3147 451 3230 quippiam
482 3146 630 3229 fecerint,
666 3167 803 3230 poenam
834 3145 958 3210 nullam
987 3150 1150 3214 recusent.

90 3254 123 3303 79
143 3233 190 3296 De
217 3234 401 3297 hominibus
424 3235 550 3320 loquor,
577 3234 675 3318 quid?
702 3233 825 3299 bestiae
847 3255 913 3298 non
939 3232 1055 3317 frigus,
1077 3255 1151 3300 non

142 3322 274 3403 famem,
296 3342 362 3385 non
384 3324 588 3408 montivagos
611 3326 706 3407 etque
725 3321 881 3386 silvestris
899 3341 1009 3385 cursus
1027 3320 1152 3387 lustra-

142 3410 308 3491 tionesque
326 3409 516 3491 patiuntur‘?
532 3433 599 3476 non
617 3432 675 3493 pro
690 3431 748 3474 suo
761 3414 857 3494 partu
870 3409 917 3474 ita
929 3413 1152 3495 propugnant,

71 3498 176 3630 Ὑέ
199 3498 338 3569 ,vulnera
365 3497 537 3584 excipiant,
559 3498 665 3563 nullos
687 3498 841 3582 impetus,
865 3496 968 3561 nullos
990 3496 1076 3561 ictus
1100 3519 1152 3563 re·
