<?xml version="1.0" encoding="UTF-8"?>
<!DOCTYPE html PUBLIC "-//W3C//DTD XHTML 1.0 Transitional//EN"
    "http://www.w3.org/TR/xhtml1/DTD/xhtml1-transitional.dtd">
<html xmlns="http://www.w3.org/1999/xhtml" xml:lang="en" lang="en">
 <head>
  <title>
</title>
<meta http-equiv="Content-Type" content="text/html;charset=utf-8" />
  <meta name='ocr-system' content='tesseract 3.04.00' />
  <meta name='ocr-capabilities' content='ocr_page ocr_carea ocr_par ocr_line ocrx_word'/>
</head>
<body>
  <div class='ocr_page' id='page_1' title='image "./cicerosphilosop01cicegoog_0516.png"; bbox 0 0 2476 3848; ppageno 0'>
   <div class='ocr_carea' id='block_1_1' title="bbox 486 165 724 231">
    <p class='ocr_par' dir='ltr' id='par_1_1' title="bbox 486 165 724 231">
     <span class='ocr_line' id='line_1_1' title="bbox 486 165 724 231; baseline -0.004 0"><span class='ocrx_word' id='word_1_1' title='bbox 486 165 724 231; x_wconf 84' lang='lat'><strong>-391—</strong></span> 
     </span>
    </p>
   </div>
   <div class='ocr_carea' id='block_1_2' title="bbox 93 327 1151 1992">
    <p class='ocr_par' dir='ltr' id='par_1_2' title="bbox 93 327 1151 1992">
     <span class='ocr_line' id='line_1_2' title="bbox 95 327 1098 393; baseline 0 -1"><span class='ocrx_word' id='word_1_2' title='bbox 95 330 242 392; x_wconf 72' lang='lat' dir='ltr'><strong>coerceat</strong></span> <span class='ocrx_word' id='word_1_3' title='bbox 272 327 497 393; x_wconf 76' lang='lat' dir='ltr'><strong>temeritatem.</strong></span> <span class='ocrx_word' id='word_1_4' title='bbox 550 328 612 391; x_wconf 82' lang='lat' dir='ltr'><strong>Est</strong></span> <span class='ocrx_word' id='word_1_5' title='bbox 643 329 678 392; x_wconf 93' lang='lat' dir='ltr'><strong>in</strong></span> <span class='ocrx_word' id='word_1_6' title='bbox 709 329 825 392; x_wconf 83' lang='lat' dir='ltr'><strong>animis</strong></span> <span class='ocrx_word' id='word_1_7' title='bbox 859 328 1001 393; x_wconf 92' lang='lat' dir='ltr'><strong>omnium</strong></span> <span class='ocrx_word' id='word_1_8' title='bbox 1032 327 1098 392; x_wconf 84' lang='lat' dir='ltr'><strong>fere</strong></span> 
     </span>
     <span class='ocr_line' id='line_1_3' title="bbox 96 414 1098 499; baseline 0.001 -21"><span class='ocrx_word' id='word_1_9' title='bbox 96 420 213 479; x_wconf 88' lang='lat' dir='ltr'><strong>natura</strong></span> <span class='ocrx_word' id='word_1_10' title='bbox 235 414 332 479; x_wconf 91' lang='lat' dir='ltr'><strong>molle</strong></span> <span class='ocrx_word' id='word_1_11' title='bbox 355 415 520 499; x_wconf 83' lang='lat' dir='ltr'><strong>quiddam,</strong></span> <span class='ocrx_word' id='word_1_12' title='bbox 543 416 731 498; x_wconf 90' lang='lat' dir='ltr'><strong>demissum,</strong></span> <span class='ocrx_word' id='word_1_13' title='bbox 752 415 888 499; x_wconf 88' lang='lat' dir='ltr'><strong>humile,</strong></span> <span class='ocrx_word' id='word_1_14' title='bbox 913 419 1098 480; x_wconf 86' lang='lat' dir='ltr'><strong>enervatum</strong></span> 
     </span>
     <span class='ocr_line' id='line_1_4' title="bbox 96 501 1098 588; baseline -0.001 -22"><span class='ocrx_word' id='word_1_15' title='bbox 96 503 236 585; x_wconf 90' lang='lat' dir='ltr'><strong>quodam</strong></span> <span class='ocrx_word' id='word_1_16' title='bbox 264 502 359 568; x_wconf 91' lang='lat' dir='ltr'><strong>modo</strong></span> <span class='ocrx_word' id='word_1_17' title='bbox 395 507 427 568; x_wconf 87' lang='lat' dir='ltr'><strong>at</strong></span> <span class='ocrx_word' id='word_1_18' title='bbox 458 503 653 588; x_wconf 85' lang='lat' dir='ltr'><strong>languidum.</strong></span> <span class='ocrx_word' id='word_1_19' title='bbox 708 501 742 568; x_wconf 85' lang='lat' dir='ltr'><strong>Si</strong></span> <span class='ocrx_word' id='word_1_20' title='bbox 773 503 856 567; x_wconf 88' lang='lat' dir='ltr'>nihil</span> <span class='ocrx_word' id='word_1_21' title='bbox 888 505 972 568; x_wconf 89' lang='lat' dir='ltr'><strong>esset</strong></span> <span class='ocrx_word' id='word_1_22' title='bbox 1004 502 1098 586; x_wconf 89' lang='lat' dir='ltr'><strong>aliud,</strong></span> 
     </span>
     <span class='ocr_line' id='line_1_5' title="bbox 96 590 1098 676; baseline 0.001 -23"><span class='ocrx_word' id='word_1_23' title='bbox 96 590 178 654; x_wconf 89' lang='lat' dir='ltr'><strong>nihil</strong></span> <span class='ocrx_word' id='word_1_24' title='bbox 201 594 285 655; x_wconf 89' lang='lat' dir='ltr'><strong>esset</strong></span> <span class='ocrx_word' id='word_1_25' title='bbox 306 590 436 656; x_wconf 90' lang='lat' dir='ltr'><strong>homine</strong></span> <span class='ocrx_word' id='word_1_26' title='bbox 459 591 647 676; x_wconf 80' lang='lat' dir='ltr'><strong>deformius3</strong></span> <span class='ocrx_word' id='word_1_27' title='bbox 670 591 727 656; x_wconf 84' lang='lat' dir='ltr'><strong>red</strong></span> <span class='ocrx_word' id='word_1_28' title='bbox 748 594 877 675; x_wconf 86' lang='lat' dir='ltr'><strong>praesto</strong></span> <span class='ocrx_word' id='word_1_29' title='bbox 896 594 945 655; x_wconf 88' lang='lat' dir='ltr'><strong>est</strong></span> <span class='ocrx_word' id='word_1_30' title='bbox 967 590 1098 655; x_wconf 89' lang='lat' dir='ltr'><strong>domina</strong></span> 
     </span>
     <span class='ocr_line' id='line_1_6' title="bbox 95 678 1097 765; baseline 0.002 -24"><span class='ocrx_word' id='word_1_31' title='bbox 95 679 240 742; x_wconf 88' lang='lat' dir='ltr'><strong>omnium</strong></span> <span class='ocrx_word' id='word_1_32' title='bbox 268 680 301 742; x_wconf 92' lang='lat' dir='ltr'><strong>et</strong></span> <span class='ocrx_word' id='word_1_33' title='bbox 326 678 438 764; x_wconf 81' lang='lat' dir='ltr'><strong>regina</strong></span> <span class='ocrx_word' id='word_1_34' title='bbox 464 680 562 764; x_wconf 87' lang='lat' dir='ltr'><strong>ratio,</strong></span> <span class='ocrx_word' id='word_1_35' title='bbox 589 701 671 765; x_wconf 84' lang='lat' dir='ltr'><strong>quae</strong></span> <span class='ocrx_word' id='word_1_36' title='bbox 693 679 807 745; x_wconf 80' lang='lat' dir='ltr'><strong>conixa</strong></span> <span class='ocrx_word' id='word_1_37' title='bbox 834 700 892 762; x_wconf 89' lang='lat' dir='ltr'><strong>per</strong></span> <span class='ocrx_word' id='word_1_38' title='bbox 914 701 948 744; x_wconf 90' lang='lat' dir='ltr'><strong>se</strong></span> <span class='ocrx_word' id='word_1_39' title='bbox 971 682 1003 742; x_wconf 91' lang='lat' dir='ltr'><strong>et</strong></span> <span class='ocrx_word' id='word_1_40' title='bbox 1024 700 1097 761; x_wconf 91' lang='lat' dir='ltr'><strong>pro·</strong></span> 
     </span>
     <span class='ocr_line' id='line_1_7' title="bbox 95 766 1099 852; baseline 0 -22"><span class='ocrx_word' id='word_1_41' title='bbox 95 787 208 850; x_wconf 81' lang='lat' dir='ltr'><strong>gressa</strong></span> <span class='ocrx_word' id='word_1_42' title='bbox 234 766 362 852; x_wconf 83' lang='lat' dir='ltr'><strong>longius</strong></span> <span class='ocrx_word' id='word_1_43' title='bbox 388 767 427 832; x_wconf 90' lang='lat' dir='ltr'><strong>fit</strong></span> <span class='ocrx_word' id='word_1_44' title='bbox 454 768 596 852; x_wconf 86' lang='lat' dir='ltr'><strong>perfecta</strong></span> <span class='ocrx_word' id='word_1_45' title='bbox 622 769 734 833; x_wconf 87' lang='lat' dir='ltr'><strong>virtus</strong></span> <span class='ocrx_word' id='word_1_46' title='bbox 782 767 871 832; x_wconf 90' lang='lat' dir='ltr'><strong>Haec</strong></span> <span class='ocrx_word' id='word_1_47' title='bbox 898 772 935 831; x_wconf 92' lang='lat' dir='ltr'><strong>ut</strong></span> <span class='ocrx_word' id='word_1_48' title='bbox 962 767 1099 850; x_wconf 86' lang='lat' dir='ltr'><strong>imperet</strong></span> 
     </span>
     <span class='ocr_line' id='line_1_8' title="bbox 95 854 1098 939; baseline 0.001 -22"><span class='ocrx_word' id='word_1_49' title='bbox 95 854 145 917; x_wconf 93' lang='lat' dir='ltr'><strong>illi</strong></span> <span class='ocrx_word' id='word_1_50' title='bbox 167 855 253 937; x_wconf 86' lang='lat' dir='ltr'><strong>parti</strong></span> <span class='ocrx_word' id='word_1_51' title='bbox 272 854 373 919; x_wconf 84' lang='lat' dir='ltr'><strong>animi</strong></span> <span class='ocrx_word' id='word_1_52' title='bbox 378 877 490 939; x_wconf 86' lang='lat' dir='ltr'><strong>,quae</strong></span> <span class='ocrx_word' id='word_1_53' title='bbox 509 857 659 922; x_wconf 86' lang='lat' dir='ltr'><strong>oboedire</strong></span> <span class='ocrx_word' id='word_1_54' title='bbox 678 856 785 934; x_wconf 91' lang='lat' dir='ltr'><strong>debet,</strong></span> <span class='ocrx_word' id='word_1_55' title='bbox 807 855 842 920; x_wconf 93' lang='lat' dir='ltr'><strong>id</strong></span> <span class='ocrx_word' id='word_1_56' title='bbox 859 855 1030 921; x_wconf 85' lang='lat' dir='ltr'><strong>videndum</strong></span> <span class='ocrx_word' id='word_1_57' title='bbox 1049 858 1098 918; x_wconf 87' lang='lat' dir='ltr'><strong>est</strong></span> 
     </span>
     <span class='ocr_line' id='line_1_9' title="bbox 95 941 1151 1028; baseline 0.002 -23"><span class='ocrx_word' id='word_1_58' title='bbox 95 943 173 1006; x_wconf 86' lang='lat' dir='ltr'><strong>viro.</strong></span> <span class='ocrx_word' id='word_1_59' title='bbox 229 941 393 1018; x_wconf 81' lang='lat' dir='ltr'><strong>Quonam</strong></span> <span class='ocrx_word' id='word_1_60' title='bbox 424 943 557 1009; x_wconf 81' lang='lat' dir='ltr'><strong>modo?&#39;</strong></span> <span class='ocrx_word' id='word_1_61' title='bbox 588 945 723 1028; x_wconf 85' lang='lat' dir='ltr'><strong>inquies.</strong></span> <span class='ocrx_word' id='word_1_62' title='bbox 778 943 841 1008; x_wconf 87' lang='lat' dir='ltr'><strong>Vel</strong></span> <span class='ocrx_word' id='word_1_63' title='bbox 876 947 913 1008; x_wconf 90' lang='lat' dir='ltr'><strong>ut</strong></span> <span class='ocrx_word' id='word_1_64' title='bbox 947 943 1096 1009; x_wconf 91' lang='lat' dir='ltr'><strong>dominus</strong></span> <span class='ocrx_word' id='word_1_65' title='bbox 1114 952 1151 1000; x_wconf 82' lang='grc'><strong>48</strong></span> 
     </span>
     <span class='ocr_line' id='line_1_10' title="bbox 94 1027 1097 1116; baseline 0.001 -22"><span class='ocrx_word' id='word_1_66' title='bbox 94 1052 187 1094; x_wconf 85' lang='lat' dir='ltr'><strong>servo</strong></span> <span class='ocrx_word' id='word_1_67' title='bbox 211 1029 262 1094; x_wconf 84' lang='lat' dir='ltr'><strong>vel</strong></span> <span class='ocrx_word' id='word_1_68' title='bbox 285 1033 321 1093; x_wconf 92' lang='lat' dir='ltr'><strong>ut</strong></span> <span class='ocrx_word' id='word_1_69' title='bbox 342 1029 519 1113; x_wconf 89' lang='lat' dir='ltr'><strong>imperator</strong></span> <span class='ocrx_word' id='word_1_70' title='bbox 547 1032 646 1097; x_wconf 91' lang='lat' dir='ltr'><strong>militi</strong></span> <span class='ocrx_word' id='word_1_71' title='bbox 668 1033 779 1098; x_wconf 84' lang='lat' dir='ltr'><strong>velt</strong></span> <span class='ocrx_word' id='word_1_72' title='bbox 741 1036 779 1097; x_wconf 92' lang='lat' dir='ltr'><strong>ut</strong></span> <span class='ocrx_word' id='word_1_73' title='bbox 805 1054 918 1116; x_wconf 87' lang='lat' dir='ltr'><strong>parens</strong></span> <span class='ocrx_word' id='word_1_74' title='bbox 941 1031 1018 1096; x_wconf 89' lang='lat' dir='ltr'><strong>filio.</strong></span> <span class='ocrx_word' id='word_1_75' title='bbox 1063 1027 1097 1095; x_wconf 86' lang='lat' dir='ltr'><strong>Si</strong></span> 
     </span>
     <span class='ocr_line' id='line_1_11' title="bbox 94 1117 1097 1218; baseline 0.002 -37"><span class='ocrx_word' id='word_1_76' title='bbox 94 1117 288 1218; x_wconf 83' lang='lat' dir='ltr'><strong>turpissime</strong></span> <span class='ocrx_word' id='word_1_77' title='bbox 307 1139 341 1182; x_wconf 88' lang='lat' dir='ltr'><strong>se</strong></span> <span class='ocrx_word' id='word_1_78' title='bbox 368 1117 427 1182; x_wconf 90' lang='lat' dir='ltr'><strong>illa</strong></span> <span class='ocrx_word' id='word_1_79' title='bbox 452 1140 528 1201; x_wconf 87' lang='lat' dir='ltr'><strong>pars</strong></span> <span class='ocrx_word' id='word_1_80' title='bbox 556 1121 657 1184; x_wconf 86' lang='lat' dir='ltr'><strong>animi</strong></span> <span class='ocrx_word' id='word_1_81' title='bbox 684 1125 786 1204; x_wconf 89' lang='lat' dir='ltr'><strong>geret,</strong></span> <span class='ocrx_word' id='word_1_82' title='bbox 813 1143 909 1204; x_wconf 88' lang='lat' dir='ltr'><strong>quam</strong></span> <span class='ocrx_word' id='word_1_83' title='bbox 936 1119 1000 1196; x_wconf 66' lang='lat' dir='ltr'><strong>diui</strong></span> <span class='ocrx_word' id='word_1_84' title='bbox 1028 1140 1097 1184; x_wconf 89' lang='lat' dir='ltr'><strong>esse</strong></span> 
     </span>
     <span class='ocr_line' id='line_1_12' title="bbox 95 1204 1098 1292; baseline 0 -22"><span class='ocrx_word' id='word_1_85' title='bbox 95 1206 288 1290; x_wconf 91' lang='lat' dir='ltr'><strong>mollem,</strong></span> <span class='ocrx_word' id='word_1_86' title='bbox 262 1228 290 1270; x_wconf 91' lang='lat' dir='ltr'><strong>s1</strong></span> <span class='ocrx_word' id='word_1_87' title='bbox 313 1214 347 1268; x_wconf 84' lang='lat' dir='ltr'><strong>so</strong></span> <span class='ocrx_word' id='word_1_88' title='bbox 370 1204 520 1271; x_wconf 88' lang='lat' dir='ltr'><strong>lamentis</strong></span> <span class='ocrx_word' id='word_1_89' title='bbox 541 1207 742 1272; x_wconf 88' lang='lat' dir='ltr'><strong>muliebriter</strong></span> <span class='ocrx_word' id='word_1_90' title='bbox 769 1209 973 1292; x_wconf 80' lang='lat' dir='ltr'><strong>lacrimisque</strong></span> <span class='ocrx_word' id='word_1_91' title='bbox 995 1207 1098 1290; x_wconf 84' lang='lat' dir='ltr'><strong>dedet,</strong></span> 
     </span>
     <span class='ocr_line' id='line_1_13' title="bbox 95 1292 1097 1379; baseline 0.001 -21"><span class='ocrx_word' id='word_1_92' title='bbox 95 1294 255 1359; x_wconf 77' lang='lat' dir='ltr'><strong>iinciatur</strong></span> <span class='ocrx_word' id='word_1_93' title='bbox 278 1296 310 1357; x_wconf 91' lang='lat' dir='ltr'><strong>et</strong></span> <span class='ocrx_word' id='word_1_94' title='bbox 329 1292 568 1378; x_wconf 84' lang='lat' dir='ltr'><strong>constringatur</strong></span> <span class='ocrx_word' id='word_1_95' title='bbox 587 1295 762 1360; x_wconf 89' lang='lat' dir='ltr'><strong>amicorum</strong></span> <span class='ocrx_word' id='word_1_96' title='bbox 782 1296 1097 1379; x_wconf 86' lang='lat' dir='ltr'><strong>propinquorumque</strong></span> 
     </span>
     <span class='ocr_line' id='line_1_14' title="bbox 93 1381 1097 1466; baseline -0.001 -20"><span class='ocrx_word' id='word_1_97' title='bbox 93 1381 260 1466; x_wconf 82' lang='lat' dir='ltr'><strong>custodiis3</strong></span> <span class='ocrx_word' id='word_1_98' title='bbox 294 1402 389 1464; x_wconf 81' lang='lat' dir='ltr'><strong>saepe</strong></span> <span class='ocrx_word' id='word_1_99' title='bbox 425 1382 508 1446; x_wconf 91' lang='lat' dir='ltr'><strong>enim</strong></span> <span class='ocrx_word' id='word_1_100' title='bbox 544 1382 688 1446; x_wconf 86' lang='lat' dir='ltr'><strong>videmus</strong></span> <span class='ocrx_word' id='word_1_101' title='bbox 718 1382 837 1447; x_wconf 86' lang='lat' dir='ltr'><strong>fractos</strong></span> <span class='ocrx_word' id='word_1_102' title='bbox 872 1383 1006 1466; x_wconf 90' lang='lat' dir='ltr'><strong>pudore,</strong></span> <span class='ocrx_word' id='word_1_103' title='bbox 1042 1383 1097 1465; x_wconf 88' lang='lat' dir='ltr'><strong>qui</strong></span> 
     </span>
     <span class='ocr_line' id='line_1_15' title="bbox 94 1468 1097 1554; baseline -0.002 -20"><span class='ocrx_word' id='word_1_104' title='bbox 94 1470 222 1535; x_wconf 87' lang='lat' dir='ltr'><strong>ratione</strong></span> <span class='ocrx_word' id='word_1_105' title='bbox 248 1469 338 1534; x_wconf 88' lang='lat' dir='ltr'><strong>nulla</strong></span> <span class='ocrx_word' id='word_1_106' title='bbox 364 1468 574 1534; x_wconf 80' lang='lat' dir='ltr'><strong>vincerentur.</strong></span> <span class='ocrx_word' id='word_1_107' title='bbox 623 1469 712 1553; x_wconf 78' lang='lat' dir='ltr'><strong>Ergo</strong></span> <span class='ocrx_word' id='word_1_108' title='bbox 743 1470 804 1534; x_wconf 90' lang='lat' dir='ltr'><strong>hos</strong></span> <span class='ocrx_word' id='word_1_109' title='bbox 831 1470 959 1554; x_wconf 85' lang='lat' dir='ltr'><strong>quidem</strong></span> <span class='ocrx_word' id='word_1_110' title='bbox 985 1472 1022 1534; x_wconf 92' lang='lat' dir='ltr'><strong>ut</strong></span> <span class='ocrx_word' id='word_1_111' title='bbox 1049 1468 1097 1532; x_wconf 88' lang='lat' dir='ltr'><strong>fa·</strong></span> 
     </span>
     <span class='ocr_line' id='line_1_16' title="bbox 94 1556 1098 1642; baseline -0.001 -20"><span class='ocrx_word' id='word_1_112' title='bbox 94 1558 200 1622; x_wconf 89' lang='lat' dir='ltr'><strong>mulos</strong></span> <span class='ocrx_word' id='word_1_113' title='bbox 222 1557 337 1622; x_wconf 85' lang='lat' dir='ltr'><strong>vinclis</strong></span> <span class='ocrx_word' id='word_1_114' title='bbox 360 1578 462 1641; x_wconf 88' lang='lat' dir='ltr'><strong>prope</strong></span> <span class='ocrx_word' id='word_1_115' title='bbox 486 1560 581 1642; x_wconf 88' lang='lat' dir='ltr'><strong>atque</strong></span> <span class='ocrx_word' id='word_1_116' title='bbox 604 1556 762 1640; x_wconf 84' lang='lat' dir='ltr'><strong>custodia,</strong></span> <span class='ocrx_word' id='word_1_117' title='bbox 789 1557 844 1641; x_wconf 93' lang='lat' dir='ltr'><strong>qui</strong></span> <span class='ocrx_word' id='word_1_118' title='bbox 871 1559 979 1621; x_wconf 84' lang='lat' dir='ltr'><strong>autom</strong></span> <span class='ocrx_word' id='word_1_119' title='bbox 1004 1560 1098 1621; x_wconf 93' lang='lat' dir='ltr'><strong>erunt</strong></span> 
     </span>
     <span class='ocr_line' id='line_1_17' title="bbox 94 1642 1096 1728; baseline 0 -19"><span class='ocrx_word' id='word_1_120' title='bbox 94 1647 252 1710; x_wconf 87' lang='lat' dir='ltr'><strong>firmiores</strong></span> <span class='ocrx_word' id='word_1_121' title='bbox 274 1666 334 1708; x_wconf 88' lang='lat' dir='ltr'><strong>nec</strong></span> <span class='ocrx_word' id='word_1_122' title='bbox 356 1648 465 1709; x_wconf 87' lang='lat' dir='ltr'><strong>tamen</strong></span> <span class='ocrx_word' id='word_1_123' title='bbox 487 1644 717 1728; x_wconf 88' lang='lat' dir='ltr'><strong>robustissimi,</strong></span> <span class='ocrx_word' id='word_1_124' title='bbox 738 1643 798 1709; x_wconf 91' lang='lat' dir='ltr'><strong>hos</strong></span> <span class='ocrx_word' id='word_1_125' title='bbox 818 1642 982 1709; x_wconf 91' lang='lat' dir='ltr'><strong>admonitu</strong></span> <span class='ocrx_word' id='word_1_126' title='bbox 1004 1664 1096 1726; x_wconf 90' lang='lat' dir='ltr'><strong>opor-</strong></span> 
     </span>
     <span class='ocr_line' id='line_1_18' title="bbox 93 1732 1098 1817; baseline -0.003 -19"><span class='ocrx_word' id='word_1_127' title='bbox 93 1734 176 1798; x_wconf 86' lang='lat' dir='ltr'><strong>tebit</strong></span> <span class='ocrx_word' id='word_1_128' title='bbox 207 1736 244 1798; x_wconf 94' lang='lat' dir='ltr'><strong>ut</strong></span> <span class='ocrx_word' id='word_1_129' title='bbox 282 1733 385 1799; x_wconf 87' lang='lat' dir='ltr'><strong>bonos</strong></span> <span class='ocrx_word' id='word_1_130' title='bbox 420 1732 540 1798; x_wconf 90' lang='lat' dir='ltr'><strong>milites</strong></span> <span class='ocrx_word' id='word_1_131' title='bbox 572 1736 738 1798; x_wconf 85' lang='lat' dir='ltr'><strong>revocatos</strong></span> <span class='ocrx_word' id='word_1_132' title='bbox 778 1732 970 1817; x_wconf 82' lang='lat' dir='ltr'><strong>dignitatem</strong></span> <span class='ocrx_word' id='word_1_133' title='bbox 1005 1733 1098 1796; x_wconf 87' lang='lat' dir='ltr'><strong>tueri.</strong></span> 
     </span>
     <span class='ocr_line' id='line_1_19' title="bbox 93 1818 1097 1905; baseline -0.002 -19"><span class='ocrx_word' id='word_1_134' title='bbox 93 1821 169 1886; x_wconf 93' lang='lat' dir='ltr'><strong>Non</strong></span> <span class='ocrx_word' id='word_1_135' title='bbox 199 1822 296 1887; x_wconf 90' lang='lat' dir='ltr'><strong>nimis</strong></span> <span class='ocrx_word' id='word_1_136' title='bbox 327 1821 362 1885; x_wconf 92' lang='lat' dir='ltr'><strong>in</strong></span> <span class='ocrx_word' id='word_1_137' title='bbox 396 1819 524 1905; x_wconf 90' lang='lat' dir='ltr'><strong>Niptris</strong></span> <span class='ocrx_word' id='word_1_138' title='bbox 559 1820 616 1885; x_wconf 89' lang='lat' dir='ltr'><strong>ille</strong></span> <span class='ocrx_word' id='word_1_139' title='bbox 654 1821 910 1904; x_wconf 84' lang='lat' dir='ltr'><strong>sapientissimus</strong></span> <span class='ocrx_word' id='word_1_140' title='bbox 944 1818 1097 1884; x_wconf 79' lang='lat' dir='ltr'><strong>Graeciae</strong></span> 
     </span>
     <span class='ocr_line' id='line_1_20' title="bbox 93 1907 803 1992; baseline -0.006 -16"><span class='ocrx_word' id='word_1_141' title='bbox 93 1911 221 1976; x_wconf 84' lang='lat' dir='ltr'><strong>saucius</strong></span> <span class='ocrx_word' id='word_1_142' title='bbox 244 1910 401 1974; x_wconf 86' lang='lat' dir='ltr'><strong>lamentat</strong></span> <span class='ocrx_word' id='word_1_143' title='bbox 387 1913 441 1973; x_wconf 91' lang='lat' dir='ltr'><strong>tur</strong></span> <span class='ocrx_word' id='word_1_144' title='bbox 462 1909 514 1973; x_wconf 80' lang='lat' dir='ltr'><strong>vel</strong></span> <span class='ocrx_word' id='word_1_145' title='bbox 536 1907 660 1974; x_wconf 88' lang='lat' dir='ltr'><strong>modice</strong></span> <span class='ocrx_word' id='word_1_146' title='bbox 681 1909 803 1992; x_wconf 88' lang='lat' dir='ltr'><strong>potius:</strong></span> 
     </span>
    </p>
   </div>
   <div class='ocr_carea' id='block_1_3' title="bbox 159 2031 933 2117">
    <p class='ocr_par' dir='ltr' id='par_1_3' title="bbox 159 2031 933 2117">
     <span class='ocr_line' id='line_1_21' title="bbox 159 2031 933 2117; baseline -0.001 -21"><span class='ocrx_word' id='word_1_147' title='bbox 159 2033 489 2117; x_wconf 77' lang='lat' dir='ltr'><strong>Pedetemptim,</strong></span> <span class='ocrx_word' id='word_1_148' title='bbox 479 2032 638 2115; x_wconf 80' lang='lat' dir='ltr'><strong>inqui,</strong></span> <span class='ocrx_word' id='word_1_149' title='bbox 621 2031 810 2096; x_wconf 87' lang='lat' dir='ltr'><strong>etsedat6</strong></span> <span class='ocrx_word' id='word_1_150' title='bbox 833 2031 933 2115; x_wconf 90' lang='lat' dir='ltr'><strong>nisu,</strong></span> 
     </span>
    </p>
   </div>
   <div class='ocr_carea' id='block_1_4' title="bbox 158 2119 754 2272">
    <p class='ocr_par' dir='ltr' id='par_1_4' title="bbox 158 2119 754 2272">
     <span class='ocr_line' id='line_1_22' title="bbox 158 2119 754 2270; baseline 0 -87"><span class='ocrx_word' id='word_1_151' title='bbox 158 2119 421 2270; x_wconf 51' lang='lat' dir='ltr'><strong>lsslelsdccussu</strong></span> <span class='ocrx_word' id='word_1_152' title='bbox 444 2120 610 2204; x_wconf 76' lang='lat' dir='ltr'><strong>arripiat</strong></span> <span class='ocrx_word' id='word_1_153' title='bbox 632 2121 754 2185; x_wconf 87' lang='lat' dir='ltr'><strong>maior</strong></span> 
     </span>
     <span class='ocr_line' id='line_1_23' title="bbox 194 2228 286 2272; baseline -0.011 0"><span class='ocrx_word' id='word_1_154' title='bbox 194 2230 213 2272; x_wconf 90' lang='grc' dir='ltr'>ο</span> <span class='ocrx_word' id='word_1_155' title='bbox 236 2228 286 2272; x_wconf 88' lang='lat' dir='ltr'><strong>or.</strong></span> 
     </span>
    </p>
   </div>
   <div class='ocr_carea' id='block_1_5' title="bbox 91 2328 1151 2680">
    <p class='ocr_par' dir='ltr' id='par_1_5' title="bbox 91 2328 1151 2680">
     <span class='ocr_line' id='line_1_24' title="bbox 91 2328 1151 2416; baseline 0.003 -22"><span class='ocrx_word' id='word_1_156' title='bbox 91 2329 250 2394; x_wconf 87' lang='lat' dir='ltr'><strong>Pacuvius</strong></span> <span class='ocrx_word' id='word_1_157' title='bbox 289 2329 351 2393; x_wconf 94' lang='lat' dir='ltr'><strong>hoc</strong></span> <span class='ocrx_word' id='word_1_158' title='bbox 387 2330 502 2394; x_wconf 89' lang='lat' dir='ltr'><strong>melius</strong></span> <span class='ocrx_word' id='word_1_159' title='bbox 534 2331 631 2414; x_wconf 89' lang='lat' dir='ltr'><strong>quam</strong></span> <span class='ocrx_word' id='word_1_160' title='bbox 663 2328 838 2414; x_wconf 86' lang='lat' dir='ltr'><strong>Sophocles</strong></span> <span class='ocrx_word' id='word_1_161' title='bbox 870 2328 968 2416; x_wconf 84' lang='lat' dir='ltr'><strong>(apud</strong></span> <span class='ocrx_word' id='word_1_162' title='bbox 1003 2332 1096 2397; x_wconf 90' lang='lat' dir='ltr'><strong>illum</strong></span> <span class='ocrx_word' id='word_1_163' title='bbox 1115 2348 1151 2397; x_wconf 79' lang='lat'><strong>49</strong></span> 
     </span>
     <span class='ocr_line' id='line_1_25' title="bbox 92 2415 1096 2506; baseline 0.001 -24"><span class='ocrx_word' id='word_1_164' title='bbox 92 2418 179 2482; x_wconf 90' lang='lat' dir='ltr'><strong>enim</strong></span> <span class='ocrx_word' id='word_1_165' title='bbox 197 2438 353 2502; x_wconf 89' lang='lat' dir='ltr'><strong>perquam</strong></span> <span class='ocrx_word' id='word_1_166' title='bbox 371 2417 523 2482; x_wconf 88' lang='lat' dir='ltr'><strong>flebiliter</strong></span> <span class='ocrx_word' id='word_1_167' title='bbox 540 2415 651 2482; x_wconf 86' lang='lat' dir='ltr'><strong>Ulixes</strong></span> <span class='ocrx_word' id='word_1_168' title='bbox 669 2418 866 2483; x_wconf 88' lang='lat' dir='ltr'><strong>lamentatur</strong></span> <span class='ocrx_word' id='word_1_169' title='bbox 885 2418 921 2483; x_wconf 91' lang='lat' dir='ltr'><strong>in</strong></span> <span class='ocrx_word' id='word_1_170' title='bbox 938 2417 1096 2506; x_wconf 85' lang='lat' dir='ltr'><strong>volnere);</strong></span> 
     </span>
     <span class='ocr_line' id='line_1_26' title="bbox 91 2504 1097 2592; baseline -0.001 -21"><span class='ocrx_word' id='word_1_171' title='bbox 91 2511 202 2571; x_wconf 84' lang='lat' dir='ltr'><strong>tamen</strong></span> <span class='ocrx_word' id='word_1_172' title='bbox 219 2504 295 2569; x_wconf 92' lang='lat' dir='ltr'><strong>huic</strong></span> <span class='ocrx_word' id='word_1_173' title='bbox 312 2504 428 2569; x_wconf 80' lang='lat' dir='ltr'><strong>leviter</strong></span> <span class='ocrx_word' id='word_1_174' title='bbox 441 2505 583 2589; x_wconf 84' lang='lat' dir='ltr'><strong>gementi</strong></span> <span class='ocrx_word' id='word_1_175' title='bbox 595 2505 646 2570; x_wconf 90' lang='lat' dir='ltr'><strong>illi</strong></span> <span class='ocrx_word' id='word_1_176' title='bbox 664 2506 737 2590; x_wconf 88' lang='lat' dir='ltr'><strong>ipsi,</strong></span> <span class='ocrx_word' id='word_1_177' title='bbox 756 2505 811 2592; x_wconf 91' lang='lat' dir='ltr'><strong>qui</strong></span> <span class='ocrx_word' id='word_1_178' title='bbox 824 2505 931 2571; x_wconf 82' lang='lat' dir='ltr'><strong>ferunt</strong></span> <span class='ocrx_word' id='word_1_179' title='bbox 945 2507 1097 2590; x_wconf 88' lang='lat' dir='ltr'><strong>saucium,</strong></span> 
     </span>
     <span class='ocr_line' id='line_1_27' title="bbox 92 2592 1052 2680; baseline -0.003 -21"><span class='ocrx_word' id='word_1_180' title='bbox 92 2614 247 2680; x_wconf 89' lang='lat' dir='ltr'><strong>personae</strong></span> <span class='ocrx_word' id='word_1_181' title='bbox 271 2593 466 2678; x_wconf 81' lang='lat' dir='ltr'><strong>gravitatem</strong></span> <span class='ocrx_word' id='word_1_182' title='bbox 488 2592 650 2658; x_wconf 86' lang='lat' dir='ltr'><strong>intuentes</strong></span> <span class='ocrx_word' id='word_1_183' title='bbox 672 2616 738 2660; x_wconf 93' lang='lat' dir='ltr'><strong>non</strong></span> <span class='ocrx_word' id='word_1_184' title='bbox 763 2593 914 2659; x_wconf 88' lang='lat' dir='ltr'><strong>dubitant</strong></span> <span class='ocrx_word' id='word_1_185' title='bbox 935 2593 1052 2657; x_wconf 88' lang='lat' dir='ltr'><strong>dicere:</strong></span> 
     </span>
    </p>
   </div>
   <div class='ocr_carea' id='block_1_6' title="bbox 157 2714 1013 3062">
    <p class='ocr_par' dir='ltr' id='par_1_6' title="bbox 157 2714 1013 2976">
     <span class='ocr_line' id='line_1_28' title="bbox 157 2714 1013 2801; baseline -0.004 -19"><span class='ocrx_word' id='word_1_186' title='bbox 157 2718 210 2782; x_wconf 84' lang='lat' dir='ltr'><strong>Tu</strong></span> <span class='ocrx_word' id='word_1_187' title='bbox 233 2718 395 2801; x_wconf 75' lang='lat' dir='ltr'><strong>quoquc,</strong></span> <span class='ocrx_word' id='word_1_188' title='bbox 419 2714 570 2801; x_wconf 83' lang='lat' dir='ltr'><strong>Ulixes,</strong></span> <span class='ocrx_word' id='word_1_189' title='bbox 592 2718 816 2800; x_wconf 78' lang='lat' dir='ltr'><strong>quamquam</strong></span> <span class='ocrx_word' id='word_1_190' title='bbox 840 2716 1013 2801; x_wconf 84' lang='lat' dir='ltr'><strong>graviter</strong></span> 
     </span>
     <span class='ocr_line' id='line_1_29' title="bbox 159 2803 997 2888; baseline -0.002 -18"><span class='ocrx_word' id='word_1_191' title='bbox 159 2803 357 2870; x_wconf 74' lang='lat' dir='ltr'><strong>Cernimus</strong></span> <span class='ocrx_word' id='word_1_192' title='bbox 380 2805 510 2887; x_wconf 86' lang='lat' dir='ltr'><strong>icturn,</strong></span> <span class='ocrx_word' id='word_1_193' title='bbox 531 2804 645 2869; x_wconf 90' lang='lat' dir='ltr'><strong>nimis</strong></span> <span class='ocrx_word' id='word_1_194' title='bbox 667 2806 786 2888; x_wconf 70' lang='lat' dir='ltr'><strong>paene</strong></span> <span class='ocrx_word' id='word_1_195' title='bbox 809 2804 934 2869; x_wconf 88' lang='lat' dir='ltr'><strong>animo</strong></span> <span class='ocrx_word' id='word_1_196' title='bbox 958 2825 997 2868; x_wconf 89' lang='lat' dir='ltr'><strong>es</strong></span> 
     </span>
     <span class='ocr_line' id='line_1_30' title="bbox 157 2892 795 2976; baseline 0.003 -21"><span class='ocrx_word' id='word_1_197' title='bbox 157 2892 281 2975; x_wconf 82' lang='lat' dir='ltr'><strong>Molli,</strong></span> <span class='ocrx_word' id='word_1_198' title='bbox 304 2892 368 2976; x_wconf 92' lang='lat' dir='ltr'><strong>qui</strong></span> <span class='ocrx_word' id='word_1_199' title='bbox 391 2896 595 2956; x_wconf 82' lang='lat' dir='ltr'><strong>consuetus</strong></span> <span class='ocrx_word' id='word_1_200' title='bbox 617 2893 657 2957; x_wconf 90' lang='lat' dir='ltr'><strong>in</strong></span> <span class='ocrx_word' id='word_1_201' title='bbox 680 2892 795 2957; x_wconf 89' lang='lat' dir='ltr'><strong>armis</strong></span> 
     </span>
    </p>

    <p class='ocr_par' dir='ltr' id='par_1_7' title="bbox 157 2980 592 3062">
     <span class='ocr_line' id='line_1_31' title="bbox 157 2980 592 3062; baseline 0.002 -19"><span class='ocrx_word' id='word_1_202' title='bbox 157 2980 299 3044; x_wconf 83' lang='lat' dir='ltr'><strong>Aevom</strong></span> <span class='ocrx_word' id='word_1_203' title='bbox 323 2981 438 3062; x_wconf 73' lang='lat' dir='ltr'><strong>rigere</strong></span> <span class='ocrx_word' id='word_1_204' title='bbox 453 3027 592 3045; x_wconf 90' lang='grc'><strong>.......</strong></span> 
     </span>
    </p>
   </div>
   <div class='ocr_carea' id='block_1_7' title="bbox 89 3100 1162 3630">
    <p class='ocr_par' dir='ltr' id='par_1_8' title="bbox 89 3100 1107 3188">
     <span class='ocr_line' id='line_1_32' title="bbox 89 3100 1107 3188; baseline 0.003 -21"><span class='ocrx_word' id='word_1_205' title='bbox 89 3102 256 3188; x_wconf 79' lang='lat' dir='ltr'><strong>Intellegit</strong></span> <span class='ocrx_word' id='word_1_206' title='bbox 272 3105 368 3185; x_wconf 74' lang='lat' dir='ltr'><strong>poeta</strong></span> <span class='ocrx_word' id='word_1_207' title='bbox 385 3102 524 3185; x_wconf 90' lang='lat' dir='ltr'><strong>prudens</strong></span> <span class='ocrx_word' id='word_1_208' title='bbox 541 3100 665 3167; x_wconf 86' lang='lat' dir='ltr'><strong>ferendi</strong></span> <span class='ocrx_word' id='word_1_209' title='bbox 691 3101 812 3168; x_wconf 83' lang='lat' dir='ltr'><strong>doloris</strong></span> <span class='ocrx_word' id='word_1_210' title='bbox 831 3103 1107 3171; x_wconf 58' lang='lat' dir='ltr'><strong>consuetudinem,-</strong></span> 
     </span>
    </p>

    <p class='ocr_par' dir='ltr' id='par_1_9' title="bbox 89 3189 1102 3276">
     <span class='ocr_line' id='line_1_33' title="bbox 89 3189 1102 3276; baseline -0.001 -18"><span class='ocrx_word' id='word_1_211' title='bbox 89 3212 250 3258; x_wconf 86' lang='lat' dir='ltr'><strong>essenon</strong></span> <span class='ocrx_word' id='word_1_212' title='bbox 276 3189 543 3255; x_wconf 86' lang='lat' dir='ltr'><strong>contemnendam</strong></span> <span class='ocrx_word' id='word_1_213' title='bbox 570 3191 768 3276; x_wconf 83' lang='lat' dir='ltr'><strong>magistrum.</strong></span> <span class='ocrx_word' id='word_1_214' title='bbox 813 3191 920 3276; x_wconf 89' lang='lat' dir='ltr'><strong>Atque</strong></span> <span class='ocrx_word' id='word_1_215' title='bbox 950 3190 1006 3256; x_wconf 91' lang='lat' dir='ltr'><strong>ille</strong></span> <span class='ocrx_word' id='word_1_216' title='bbox 1028 3213 1072 3258; x_wconf 90' lang='lat' dir='ltr'><strong>no</strong></span> <span class='ocrx_word' id='word_1_217' title='bbox 1092 3210 1102 3227; x_wconf 89' lang='grc'><strong>··</strong></span> 
     </span>
    </p>

    <p class='ocr_par' dir='ltr' id='par_1_10' title="bbox 89 3120 1162 3630">
     <span class='ocr_line' id='line_1_34' title="bbox 89 3120 1162 3630; baseline -0.006 -284"><span class='ocrx_word' id='word_1_218' title='bbox 89 3269 288 3346; x_wconf 86' lang='lat' dir='ltr'><strong>inmoderate</strong></span> <span class='ocrx_word' id='word_1_219' title='bbox 311 3297 428 3362; x_wconf 77' lang='lat' dir='ltr'><strong>magno</strong></span> <span class='ocrx_word' id='word_1_220' title='bbox 451 3278 486 3344; x_wconf 95' lang='lat' dir='ltr'><strong>in</strong></span> <span class='ocrx_word' id='word_1_221' title='bbox 508 3277 631 3344; x_wconf 84' lang='lat' dir='ltr'><strong>dolore:</strong></span> <span class='ocrx_word' id='word_1_222' title='bbox 1010 3120 1162 3630; x_wconf 70' lang='lat' dir='ltr'><strong><em>s</em></strong></span> 
     </span>
     <span class='ocr_line' id='line_1_35' title="bbox 156 3399 865 3487; baseline 0 -19"><span class='ocrx_word' id='word_1_223' title='bbox 156 3403 347 3484; x_wconf 86' lang='lat' dir='ltr'><strong>Retinet,</strong></span> <span class='ocrx_word' id='word_1_224' title='bbox 369 3402 512 3466; x_wconf 84' lang='lat' dir='ltr'><strong>tenete!</strong></span> <span class='ocrx_word' id='word_1_225' title='bbox 538 3399 723 3485; x_wconf 88' lang='lat' dir='ltr'><strong>opprimit</strong></span> <span class='ocrx_word' id='word_1_226' title='bbox 744 3402 865 3487; x_wconf 78' lang='lat' dir='ltr'><strong>ulcuo3</strong></span> 
     </span>
    </p>
   </div>
   <div class='ocr_carea' id='block_1_8' title="bbox 156 3453 1069 3557">
    <p class='ocr_par' dir='ltr' id='par_1_11' title="bbox 156 3453 1069 3557">
     <span class='ocr_line' id='line_1_36' title="bbox 156 3453 1069 3557; baseline 0 -2"><span class='ocrx_word' id='word_1_227' title='bbox 156 3489 319 3556; x_wconf 76' lang='lat' dir='ltr'><strong>Nudtte!</strong></span> <span class='ocrx_word' id='word_1_228' title='bbox 338 3453 413 3554; x_wconf 86' lang='lat' dir='ltr'><strong>beu</strong></span> <span class='ocrx_word' id='word_1_229' title='bbox 435 3489 616 3557; x_wconf 86' lang='lat' dir='ltr'><strong>miserum</strong></span> <span class='ocrx_word' id='word_1_230' title='bbox 639 3491 708 3555; x_wconf 86' lang='lat' dir='ltr'><strong>mel</strong></span> <span class='ocrx_word' id='word_1_231' title='bbox 732 3490 941 3556; x_wconf 69' lang='lat' dir='ltr'><strong>discrucior.</strong></span> <span class='ocrx_word' id='word_1_232' title='bbox 1065 3512 1069 3517; x_wconf 92' lang='lat'>·</span> 
     </span>
    </p>
   </div>
   <div class='ocr_carea' id='block_1_9' title="bbox 0 0 1242 3848">
    <p class='ocr_par' dir='ltr' id='par_1_12' title="bbox 0 0 1242 3848">
     <span class='ocr_line' id='line_1_37' title="bbox 0 0 1242 3848; baseline 0 1"><span class='ocrx_word' id='word_1_233' title='bbox 0 0 1242 3848; x_wconf 95' lang='lat' dir='ltr'><strong> </strong></span> 
     </span>
    </p>
   </div>
  </div>
 </body>
</html>
