2476 3848
548 176 787 242 -498-

157 357 230 400 rum
257 335 419 400 neminem
444 334 510 399 nisi
536 335 668 400 iuvante
697 335 756 400 deo
783 336 883 400 talem
911 335 1012 399 fuisse
1041 333 1180 400 creden·

104 439 156 488 166
175 424 252 488 dum
279 428 337 489 est.
383 422 471 500 Quae
498 423 583 488 ratio
612 428 726 507 poetas
754 445 968 507 maxumeque
991 422 1177 488 Homerum

156 511 291 596 inpulit,
314 517 352 576 ut
373 513 572 596 principibus
595 512 746 596 heroum,
768 511 871 595 Ulixi,
899 512 1062 594 Diomedi,
1085 511 1181 596 Aga-

157 601 333 683 memnoni,
356 600 492 680 Achilli,
519 606 626 666 certos
651 601 727 666 deos
751 601 971 666 discriminum
995 604 1029 664 et
1051 601 1180 683 pericu-

157 690 264 754 lorum
285 690 420 754 comites
440 689 638 773 adiungeret
683 689 856 756 Praeterea
873 690 1018 773 ipsorum
1038 688 1180 754 deorum

158 799 254 861 saepe
277 779 492 860 praesentiae,
522 778 634 862 quales
658 800 756 862 supra
779 778 1044 862 commemoravi,
1071 778 1181 842 decla-

157 870 232 930 rant
255 867 295 931 ab
319 866 359 930 iis
383 872 416 930 et
444 867 629 930 civitatibus
658 871 691 930 et
717 867 858 949 singulis
885 867 1073 930 hominibus
1098 887 1179 931 con-

158 954 234 1040 suli3
264 955 351 1038 quod
374 954 503 1038 quidem
525 955 731 1039 intellegitur
759 956 857 1020 etiam
881 954 1179 1039 significationibus

157 1065 264 1107 rerum
288 1042 485 1127 futurarum,
515 1065 596 1127 quae
623 1048 694 1107 tum
719 1044 968 1127 dormientibuS,
997 1047 1067 1107 tum
1090 1043 1179 1129 vigi·

157 1130 302 1195 lantibus
321 1132 570 1213 portenduntur.
597 1131 704 1197 Multa
717 1136 886 1216 praeterea
900 1131 1047 1210 ostentis,
1067 1133 1178 1197 multa

158 1220 241 1283 extis
265 1219 476 1285 admonemur
498 1221 673 1304 multisque
700 1221 796 1285 rebus
826 1219 913 1304 aliis,
941 1242 1023 1304 quas
1050 1220 1178 1284 diutur-

156 1330 218 1372 nus
242 1331 319 1373 usus
346 1309 394 1373 ita
420 1309 560 1392 notavit,
588 1314 626 1373 ut
652 1313 756 1374 artem
784 1309 994 1375 divinationis
1022 1307 1178 1375 efficeret.

105 1395 281 1466 167‚Nemo
304 1398 404 1480 igitur
433 1398 483 1462 vir
510 1418 646 1481 magnus
674 1398 745 1461 sine
773 1398 880 1482 aliquo
908 1397 1030 1461 adflatu
1062 1396 1177 1463 divino

157 1508 310 1570 umquam
337 1486 409 1551 fuit.
458 1485 528 1550 Nec
553 1507 631 1551 vero
657 1487 693 1551 ld
718 1487 767 1550 ita
793 1485 1006 1550 refellendum
1033 1489 1097 1568 est,
1126 1491 1175 1569 ut,

158 1575 186 1638 si
206 1575 371 1659 segetibus
395 1579 452 1639 aut
474 1574 593 1639 vinetis
613 1575 792 1657 cuiuspiam
814 1578 993 1658 tempestas
1014 1575 1176 1657 nocuerit,

157 1668 215 1727 aut
238 1664 266 1727 si
294 1663 371 1747 quid
394 1686 412 1727 e
434 1664 523 1728 vitae
550 1662 728 1729 commodis
752 1685 847 1728 casus
875 1662 1062 1745 abstulerit,
1090 1683 1174 1745 eum,

157 1752 209 1816 cui
237 1753 312 1835 quid
339 1752 456 1816 borum
485 1753 651 1836 acciderit,
684 1755 742 1816 aut
768 1753 909 1816 invisum
942 1751 1001 1816 deo
1034 1754 1092 1816 aut
1118 1772 1175 1815 ne-

157 1841 300 1926 glectum
324 1864 344 1905 a
372 1840 431 1904 deo
459 1841 645 1906 iudicemus.
691 1839 814 1923 Magna
844 1839 877 1904 di
909 1843 1038 1923 curant,
1071 1860 1174 1922 parva

156 1930 343 2014 neglegunt.
379 1928 508 2012 Magnis
533 1933 641 1993 autem
665 1929 744 1993 viris
762 1949 937 2011 prosperae
956 1948 1083 2010 semper
1103 1949 1174 1991 om-

156 2038 215 2081 nes
238 2040 300 2098 res,
324 2016 483 2100 siquidem
507 2017 586 2080 satis
611 2039 630 2081 a
653 2017 775 2081 nostris
799 2021 832 2080 et
854 2039 874 2081 a
896 2016 1042 2100 principe
1064 2015 1174 2098 philo-

157 2104 294 2187 sophiae
318 2103 450 2168 Socrate
474 2104 596 2169 dictum
620 2110 670 2170 est
692 2107 731 2169 de
757 2105 961 2170 ubertatibus
983 2104 1114 2170 virtutis
1139 2108 1175 2168 et

156 2214 268 2274 copus.
