2476 3848
471 189 711 254 -413—

91 346 249 413 Similiter
276 349 565 413 commemorandis
594 349 750 433 exemplis
782 349 945 414 orbitates
971 369 1151 437 quoquere

91 436 228 500 liberum
256 437 496 520 praedicamur,
523 458 709 521 eorumque,
736 437 791 521 qui
822 438 954 524 gravius
982 437 1099 523 ferunt,

90 525 194 588 luctus
218 524 356 588 aliorum
381 525 532 608 exemplis
554 524 732 608 laniantum
756 525 803 589 sic
825 525 993 610 perpessio
1016 530 1099 592 eete-

90 632 200 676 rorum
226 611 317 694 facit,
351 616 389 676 ut
414 634 465 696 ea,
497 634 579 696 quae
611 612 799 696 acciderint,
830 614 933 679 multo
964 614 1099 698 minora,

91 721 188 784 quam
211 704 332 785 quanta
355 701 422 764 sint
445 700 645 782 existimata,
667 701 845 765 videantur.
884 701 936 766 Ita
958 703 1005 785 fit,
1028 725 1100 768 sen·

91 788 161 851 sim*
186 789 406 872 cogitantibus
437 791 486 872 ut,
522 792 680 872 quantum
712 789 757 854 sit
788 789 944 854 ementita
980 791 1100 874 opinio,

91 880 254 958 appareat.
304 875 411 960 Atque
438 876 500 941 hoc
529 876 614 942 idem
642 880 676 940 et
701 876 833 941 Telamo
859 878 916 942 ille
943 877 1099 942 declarat:

157 983 239 1082 llgo
262 1021 344 1063 oum
367 999 482 1082 genui
498 1047 616 1064 ......

91 1124 126 1185 et
148 1120 303 1185 Theseus:

158 1243 323 1309 Futuras
346 1265 489 1309 mecum
512 1245 799 1310 commentabar
823 1243 1003 1311 miserias

92 1369 125 1429 et
142 1366 368 1450 Anaxagoras:
391 1365 580 1431 ‘Sciebam
600 1389 655 1430 me
675 1367 857 1450 genuisse
876 1368 1100 1433 mortalem?

91 1453 136 1517 Hi
162 1455 247 1518 enim
274 1476 384 1519 omnes
413 1454 468 1524 diu
491 1455 670 1538 cogitantes
699 1453 856 1517 derebus
880 1454 1099 1519 humanisin·

91 1543 291 1626 tellegebant
317 1564 372 1606 eas
399 1563 602 1626 nequaquam
634 1563 693 1624 pro
726 1540 877 1623 opinione
908 1541 998 1626 volgi
1031 1563 1100 1606 esse

92 1629 354 1694 extimescendas.
407 1630 452 1693 Et
484 1630 565 1693 mihi
599 1629 726 1713 quidem
758 1628 884 1692 videtur
914 1629 1000 1692 idem
1032 1630 1100 1693 fere

93 1718 234 1782 accidere
266 1717 320 1799 iis,
352 1719 407 1801 qui
440 1721 514 1782 ante
546 1717 756 1799 meditantur,
787 1715 871 1798 quod
898 1716 953 1800 iis,
985 1717 1100 1800 quibus

92 1805 238 1869 medetur
268 1805 349 1888 dies,
380 1806 444 1869 nisi
474 1805 559 1888 quod
587 1805 671 1868 ratio
702 1803 858 1888 quaedam
890 1808 986 1868 sanat
1016 1805 1101 1889 illos,

91 1893 152 1957 hos
187 1894 259 1975 ipsa
291 1897 409 1957 natura
444 1893 608 1957 intellecto
644 1913 695 1976 eo,
731 1892 816 1975 quod
848 1914 916 1956 rem
948 1892 1101 1976 continet,

92 1981 174 2044 illud
203 1981 337 2063 malum,
365 1981 450 2064 quod
473 1981 642 2064 opinatum
665 1979 710 2044 sit
733 2001 802 2044 esse
824 2001 1023 2062 maxumum,
1049 2002 1101 2044 ne-

93 2090 255 2151 quaquam
283 2089 352 2132 esse
380 2071 519 2150 tantum,
546 2073 584 2131 ut
605 2069 706 2133 vitam
734 2068 863 2132 beatam
885 2069 991 2151 possit
1014 2090 1100 2133 ever-

92 2161 171 2219 tere.
207 2154 279 2219 Hoc
302 2156 401 2241 igitur
419 2156 572 2238 efficitur,
594 2160 632 2218 ut
652 2177 690 2218 ex
712 2156 768 2219 illo
787 2156 980 2239 necopinato
1003 2157 1102 2241 plaga
1121 2176 1153 2225 aa

94 2244 197 2307 maior
221 2244 277 2325 sit,
299 2265 377 2324 non,
400 2245 437 2305 ut
459 2242 508 2305 illi
531 2244 661 2325 putant,
684 2245 733 2325 ut,
762 2264 835 2306 cum
859 2244 983 2307 duobus
1006 2266 1100 2326 pares

94 2354 187 2395 casus
216 2331 393 2412 evenerint,
420 2329 448 2393 is
480 2329 575 2393 modo
608 2329 807 2411 aegritudine
840 2330 1018 2413 adficiatur,
1050 2332 1101 2395 cui

94 2419 150 2482 ille
182 2419 375 2501 necopinato
404 2437 496 2479 casus
524 2417 672 2480 evenerit.
717 2415 832 2499 Itaque
859 2415 1008 2479 dicuntur
1037 2439 1102 2480 non

93 2507 175 2570 nulli
197 2507 232 2570 in
250 2526 406 2585 maerore,
430 2524 501 2567 cum
520 2503 637 2566 dehac
656 2503 820 2565 communi
840 2501 1008 2566 hominum
1027 2525 1101 2565 eon-

94 2594 221 2658 dieione
245 2592 454 2673 audivissent,
482 2612 519 2654 ea
542 2590 613 2672 lege
637 2609 789 2652 essenos
812 2592 922 2670 natos,
948 2591 985 2651 ut
1007 2610 1101 2652 nemo

94 2682 129 2744 in
151 2684 342 2765 perpetuum
365 2699 434 2743 esse
457 2679 568 2761 posset
592 2697 703 2758 expers
728 2675 820 2758 mali,
849 2675 980 2759 gravius
1005 2676 1101 2739 etiam

91 2770 216 2832 tulisse.

162 2856 318 2930 Quocirca
354 2852 549 2933 Carneades,
585 2855 622 2915 ut
653 2850 744 2914 video
778 2853 924 2912 nostrum
962 2848 1155 2919 scribere25

94 2941 307 3024 Antiochum,
324 2941 513 3024 reprendere
532 2936 750 3020 Chrysippum
770 2936 896 3000 solebat
916 2936 1100 3000 laudantem

94 3027 305 3110 Euripideum
329 3049 457 3092 carmen
479 3026 573 3089 illud:

139 3149 322 3214 Mortalis
344 3170 451 3213 nemo
476 3151 547 3231 est,
573 3148 679 3230 quem
697 3168 771 3210 non
796 3147 969 3232 attingat
991 3147 1102 3213 dolor

139 3237 385 3320 Morbdsque3
409 3235 541 3299 multis
565 3238 655 3298 sdnt
676 3234 858 3298 humandi
881 3234 1009 3319 liberi,

140 3325 303 3391 Rursum
322 3324 490 3406 creandi,
509 3325 683 3405 morsque
703 3324 761 3385 est
778 3321 896 3386 finita
912 3324 1103 3409 omnibus,

140 3413 243 3489 Quae
280 3413 414 3499 generi
444 3412 607 3476 humano
640 3288 1164 3634 ⁸ng6remadfell¹liddu⁸{
