2476 3848
474 154 715 238 -rerss

91 330 275 398 continetur
286 329 328 413 id,
343 329 428 412 quod
442 329 505 396 diei
518 329 633 396 Latine
647 332 824 397 decorum
838 337 961 418 potest,
976 332 1097 400 Graece

91 419 178 484 enim
195 414 324 503 πρέπον
342 417 467 482 dieitur.
502 418 608 484 Huius
626 419 675 484 vis
695 441 733 485 ea
754 424 813 504 est,
835 423 872 485 ut
895 421 936 485 ab
960 421 1096 487 honesto

90 528 157 571 non
176 509 274 590 queat
292 506 449 590 separari,
471 510 607 590 namet,
631 507 716 591 quod
735 507 834 591 decet,
856 508 1029 574 honestum
1047 514 1098 574 est
1115 523 1152 573 94

92 599 134 678 et,
158 593 245 678 quod
265 593 437 658 honestum
458 598 518 677 est,
540 595 643 679 decet,
666 596 771 679 qualis
791 598 899 661 autem
918 597 1098 661 differentia

93 683 137 747 sit
159 681 289 746 honesti
310 685 342 746 et
366 681 480 765 decori,
502 679 630 748 facilius
648 683 797 770 intellegi
816 706 912 767 quam
932 685 1098 770 explanari

92 773 211 854 potest.
242 768 400 852 Quicquid
414 774 464 833 est
479 771 573 855 enim,
589 771 676 854 quod
689 771 808 856 deceat,
821 772 855 836 id
868 776 939 837 tum
954 776 1097 857 apparet,
1219 800 1222 805 ·

94 881 167 923 eum
195 861 383 942 antegressa
411 862 462 921 est
487 858 650 923 honestas.
695 857 810 943 Itaque
837 881 904 924 non
931 861 1037 925 solum
1063 862 1099 925 in

93 947 155 1011 hac
172 949 265 1030 parte
283 945 473 1028 honestatis,
493 946 530 1010 de
550 969 613 1030 qua
631 947 782 1012 hocloco
801 947 1021 1013 disserendum
1040 952 1098 1032 est,

95 1034 151 1098 sed
174 1033 272 1097 etiam
294 1033 329 1097 in
350 1033 456 1098 tribus
478 1035 697 1118 superioribus
720 1035 797 1122 quid
821 1035 931 1102 deceat
954 1040 1098 1121 apparet.

93 1121 180 1186 Nam
203 1124 237 1185 et
258 1121 384 1186 ratione
402 1122 451 1186 uti
470 1125 567 1206 atque
586 1123 732 1188 oratione
749 1122 924 1208 prudenter
942 1127 975 1189 et
994 1146 1099 1210 agere,

94 1210 181 1293 quod
207 1231 300 1295 agas,
327 1210 527 1274 considerate
554 1211 705 1294 omnique
732 1210 767 1274 in
792 1233 828 1275 re
856 1211 932 1295 quid
960 1213 1004 1276 sit
1030 1214 1099 1278 reri

93 1298 202 1363 videre
225 1301 258 1362 et
280 1298 365 1361 tueri
388 1297 487 1380 decet,
510 1302 685 1382 contraque
705 1297 787 1382 falli,
809 1320 925 1382 errare,
948 1300 1025 1384 labi,
1049 1301 1099 1365 de·

94 1385 158 1469 cipi
176 1389 245 1450 tam
268 1384 399 1450 dedecet
417 1407 514 1469 quam
532 1385 670 1450 delirare
689 1389 722 1449 et
740 1389 847 1449 mente
866 1408 935 1450 esse
954 1392 1099 1472 captum,

95 1478 128 1537 et
149 1474 237 1538 iusta
258 1474 369 1539 omnia
392 1474 508 1538 decora
530 1477 614 1556 sunt,
636 1472 757 1537 iniusta
780 1477 902 1559 eontra,
924 1477 961 1537 ut
981 1475 1099 1559 turpia,

96 1561 141 1626 sie
159 1561 317 1626 indecora.
353 1559 476 1626 Similis
496 1564 546 1625 est
564 1561 648 1625 ratio
666 1560 876 1625 fortitudinis.
907 1559 999 1636 Quod
1013 1562 1099 1626 enim

95 1650 233 1714 viriliter
256 1649 427 1734 animoque
450 1669 570 1734 magno
593 1649 640 1731 fit,
661 1648 695 1712 id
718 1649 851 1734 dignum
869 1649 939 1713 viro
958 1653 991 1713 et
1010 1650 1099 1714 deco-

96 1760 167 1801 rum
189 1737 325 1820 videtur,
349 1737 434 1820 quod
457 1741 579 1821 contra,
600 1737 634 1800 id
656 1740 693 1801 nt
715 1739 818 1820 turpe,
841 1736 887 1801 sie
904 1735 1098 1802 indecorum.

95 1825 201 1901 Quare
214 1825 355 1909 pertinet
370 1824 498 1908 quidem
512 1824 554 1890 ad
567 1846 694 1890 omnem
708 1824 911 1889 honestatem
924 1825 994 1908 hoc,
1014 1826 1099 1909 quod
1118 1839 1153 1889 ao

96 1914 175 1997 dico,
199 1913 362 1998 decorum,
385 1917 418 1977 et
441 1914 488 1978 ita
510 1913 667 1998 pertinet,
689 1916 727 1976 ut
748 1934 814 1977 non
835 1912 1001 1977 recondita
1023 1934 1099 1996 qua-

96 2001 170 2066 dam
193 2001 319 2065 ratione
342 2005 500 2084 cernatur,
524 2000 579 2064 sed
602 2000 702 2065 sitin
724 2004 886 2086 promptu.
928 2000 990 2065 Est
1013 2000 1099 2066 enim

96 2088 258 2171 quiddam,
279 2088 376 2171 idque
398 2089 602 2174 intellegitur
622 2089 658 2153 in
680 2089 768 2154 omni
786 2089 915 2173 virtute,
938 2088 1023 2172 quod
1047 2088 1098 2154 de-

96 2179 182 2257 ceat,
209 2174 295 2257 quod
320 2176 517 2260 cogitatione
544 2176 649 2262 magis
677 2200 697 2241 a
719 2177 840 2242 virtute
865 2181 977 2262 potest
1001 2199 1100 2261 quam

96 2285 131 2327 re
154 2262 307 2347 separari.
351 2262 398 2327 Ut
419 2267 571 2329 venustas
594 2268 627 2329 et
653 2263 859 2349 pulchritudo
885 2265 1028 2350 corporis
1053 2287 1099 2330 se

97 2350 185 2416 cerni
206 2371 273 2414 non
295 2352 404 2434 potest
427 2373 447 2414 a
468 2351 664 2435 valetudine,
688 2353 734 2418 sic
755 2353 825 2436 hoc,
849 2351 887 2417 de
911 2374 974 2436 quo
997 2353 1099 2436 loqui-

96 2461 182 2521 mur,
214 2438 364 2502 decorum
391 2441 497 2504 totum
523 2439 605 2504 illud
632 2441 761 2523 quidem
792 2443 842 2504 est
873 2461 947 2504 eum
978 2440 1099 2505 virtute

96 2528 275 2610 confusum,
298 2526 354 2592 sed
376 2530 484 2593 mente
507 2531 540 2591 et
562 2527 759 2613 cogitatione
782 2526 1002 2612 distinguitur.
1037 2527 1099 2592 Est
1118 2541 1153 2591 aa

97 2620 206 2680 autem
229 2615 297 2680 eius
321 2615 488 2700 discriptio
512 2615 643 2698 duplex3
669 2636 745 2679 nam
773 2618 806 2678 et
829 2615 978 2697 generale
1000 2615 1100 2696 quod-

97 2704 171 2768 dam
199 2705 349 2769 deeorum
375 2703 609 2788 intellegimus,
641 2701 727 2785 quod
753 2700 788 2765 in
815 2701 902 2764 omni
928 2700 1100 2765 honestate

96 2796 256 2874 versatur,
286 2795 319 2857 et
346 2792 435 2856 aliud
461 2791 537 2855 huic
564 2790 756 2872 subiectum,
783 2788 869 2871 quod
894 2787 1036 2871 pertinet
1059 2789 1101 2854 ad

97 2879 243 2964 singulas
270 2883 380 2964 partes
407 2878 598 2956 honestatis.
643 2876 752 2959 Atque
778 2874 861 2939 illud
884 2875 1030 2960 superius
1054 2877 1099 2943 sie

96 2966 164 3030 fere
192 2967 317 3033 deliniri
344 2967 440 3034 solet:
473 2967 648 3031 decorum
675 2964 709 3028 id
739 2985 822 3048 esse,
854 2964 939 3048 quod
970 2986 1100 3031 consen·

97 3059 228 3119 taneum
252 3056 295 3120 sit
317 3055 456 3122 hominis
480 3053 686 3119 excellentiae
708 3051 744 3117 in
766 3073 817 3136 eo,
839 3051 875 3117 in
896 3075 960 3138 quo
981 3057 1079 3122 natur

96 3142 164 3207 eius
184 3166 203 3209 a
221 3143 355 3228 reliquis
374 3141 593 3208 animantibus
612 3140 749 3206 differat.
785 3139 873 3216 Quae
892 3146 1000 3208 autem

96 3232 242 3297 subiecta
265 3231 375 3317 generi
399 3234 458 3314 est,
481 3251 552 3295 eam
575 3229 621 3294 sic
643 3228 812 3313 definiunt,
834 3233 872 3295 ut
893 3229 927 3296 id
949 3231 1026 3297 deco

96 3320 199 3385 velint
222 3341 301 3402 esse,
323 3319 411 3404 quod
431 3318 482 3385 ita
499 3320 635 3390 nanae
658 3320 908 3390 consentaneum
931 3318 985 3402 sit,
1005 3338 1029 3387 u

96 3429 134 3472 eo
153 3406 332 3473 moderatio
351 3411 385 3473 et
400 3405 623 3511 temporatia
635 3410 792 3509 appareat
809 3428 886 3507 cum,
899 3405 1012 3493 specio„

95 3493 171 3560 dam
193 3495 331 3561 liberali.
366 3493 457 3567 Haec
477 3497 526 3563 lta
549 3493 701 3591 imollegr
719 3504 894 3595 μύωπι

156 3597 340 3650 Βείῇειιῐεῑβ,
354 3595 399 3641 tle
411 3593 529 3651 vedetosa.
542 3593 675 3655 ῡύήῐππἸ
799 3611 830 3629 ι..
