<?xml version="1.0" encoding="UTF-8"?>
<!DOCTYPE html PUBLIC "-//W3C//DTD XHTML 1.0 Transitional//EN"
    "http://www.w3.org/TR/xhtml1/DTD/xhtml1-transitional.dtd">
<html xmlns="http://www.w3.org/1999/xhtml" xml:lang="en" lang="en">
 <head>
  <title>
</title>
<meta http-equiv="Content-Type" content="text/html;charset=utf-8" />
  <meta name='ocr-system' content='tesseract 3.04.00' />
  <meta name='ocr-capabilities' content='ocr_page ocr_carea ocr_par ocr_line ocrx_word'/>
</head>
<body>
  <div class='ocr_page' id='page_1' title='image "./cicerosphilosop01cicegoog_0294.png"; bbox 0 0 2476 3848; ppageno 0'>
   <div class='ocr_carea' id='block_1_1' title="bbox 475 174 717 238">
    <p class='ocr_par' dir='ltr' id='par_1_1' title="bbox 475 174 717 238">
     <span class='ocr_line' id='line_1_1' title="bbox 475 174 717 238; baseline -0.008 0"><span class='ocrx_word' id='word_1_1' title='bbox 475 174 717 238; x_wconf 76' lang='lat'><strong>-277—</strong></span> 
     </span>
    </p>
   </div>
   <div class='ocr_carea' id='block_1_2' title="bbox 32 335 1164 3631">
    <p class='ocr_par' dir='ltr' id='par_1_2' title="bbox 92 335 1121 1824">
     <span class='ocr_line' id='line_1_2' title="bbox 93 335 1102 420; baseline 0.001 -20"><span class='ocrx_word' id='word_1_2' title='bbox 93 336 171 419; x_wconf 90' lang='lat' dir='ltr'>quia</span> <span class='ocrx_word' id='word_1_3' title='bbox 193 335 394 400; x_wconf 87' lang='lat' dir='ltr'>conscientia</span> <span class='ocrx_word' id='word_1_4' title='bbox 415 335 498 400; x_wconf 91' lang='lat' dir='ltr'>bene</span> <span class='ocrx_word' id='word_1_5' title='bbox 521 339 611 400; x_wconf 89' lang='lat' dir='ltr'>actae</span> <span class='ocrx_word' id='word_1_6' title='bbox 640 337 728 400; x_wconf 84' lang='lat' dir='ltr'>vitae</span> <span class='ocrx_word' id='word_1_7' title='bbox 754 337 995 420; x_wconf 87' lang='lat' dir='ltr'>multorumque</span> <span class='ocrx_word' id='word_1_8' title='bbox 1020 336 1102 401; x_wconf 91' lang='lat' dir='ltr'>bene</span> 
     </span>
     <span class='ocr_line' id='line_1_3' title="bbox 92 421 1102 510; baseline 0 -22"><span class='ocrx_word' id='word_1_9' title='bbox 92 424 256 488; x_wconf 89' lang='lat' dir='ltr'>factorum</span> <span class='ocrx_word' id='word_1_10' title='bbox 279 423 463 488; x_wconf 75' lang='lat' dir='ltr'>recordatio</span> <span class='ocrx_word' id='word_1_11' title='bbox 485 423 718 488; x_wconf 87' lang='lat' dir='ltr'>iucundissima</span> <span class='ocrx_word' id='word_1_12' title='bbox 744 427 803 488; x_wconf 89' lang='lat' dir='ltr'>est.</span> <span class='ocrx_word' id='word_1_13' title='bbox 846 423 920 510; x_wconf 81' lang='lat' dir='ltr'>Ego</span> <span class='ocrx_word' id='word_1_14' title='bbox 944 422 980 499; x_wconf 81' lang='lat' dir='ltr'>Q.</span> <span class='ocrx_word' id='word_1_15' title='bbox 1001 421 1102 488; x_wconf 85' lang='lat' dir='ltr'>Maxi-</span> 
     </span>
     <span class='ocr_line' id='line_1_4' title="bbox 92 509 1102 596; baseline 0 -20"><span class='ocrx_word' id='word_1_16' title='bbox 92 534 191 594; x_wconf 89' lang='lat' dir='ltr'>mum,</span> <span class='ocrx_word' id='word_1_17' title='bbox 217 533 290 575; x_wconf 91' lang='lat' dir='ltr'>eum</span> <span class='ocrx_word' id='word_1_18' title='bbox 310 511 366 594; x_wconf 93' lang='lat' dir='ltr'>qui</span> <span class='ocrx_word' id='word_1_19' title='bbox 380 509 556 576; x_wconf 74' lang='lat' dir='ltr'>Tarentum</span> <span class='ocrx_word' id='word_1_20' title='bbox 578 512 708 596; x_wconf 88' lang='lat' dir='ltr'>recepit,</span> <span class='ocrx_word' id='word_1_21' title='bbox 727 533 835 576; x_wconf 92' lang='lat' dir='ltr'>senem</span> <span class='ocrx_word' id='word_1_22' title='bbox 849 512 1036 577; x_wconf 81' lang='lat' dir='ltr'>adulescens</span> <span class='ocrx_word' id='word_1_23' title='bbox 1053 511 1102 576; x_wconf 85' lang='lat' dir='ltr'>ita</span> 
     </span>
     <span class='ocr_line' id='line_1_5' title="bbox 95 599 1102 682; baseline 0.001 -20"><span class='ocrx_word' id='word_1_24' title='bbox 95 599 267 682; x_wconf 82' lang='lat' dir='ltr'>dilexi,&#39;ut</span> <span class='ocrx_word' id='word_1_25' title='bbox 294 600 478 682; x_wconf 80' lang='lat' dir='ltr'>aequalem3</span> <span class='ocrx_word' id='word_1_26' title='bbox 506 600 685 663; x_wconf 91' lang='lat' dir='ltr'>eratenim</span> <span class='ocrx_word' id='word_1_27' title='bbox 712 600 748 663; x_wconf 91' lang='lat' dir='ltr'>in</span> <span class='ocrx_word' id='word_1_28' title='bbox 769 599 828 665; x_wconf 92' lang='lat' dir='ltr'>illo</span> <span class='ocrx_word' id='word_1_29' title='bbox 854 600 925 664; x_wconf 88' lang='lat' dir='ltr'>viro</span> <span class='ocrx_word' id='word_1_30' title='bbox 949 599 1102 664; x_wconf 89' lang='lat' dir='ltr'>comitate</span> 
     </span>
     <span class='ocr_line' id='line_1_6' title="bbox 95 687 1102 771; baseline -0.001 -19"><span class='ocrx_word' id='word_1_31' title='bbox 95 687 226 752; x_wconf 89' lang='lat' dir='ltr'>condita</span> <span class='ocrx_word' id='word_1_32' title='bbox 240 687 396 770; x_wconf 85' lang='lat' dir='ltr'>gravitas,</span> <span class='ocrx_word' id='word_1_33' title='bbox 413 707 473 750; x_wconf 90' lang='lat' dir='ltr'>nec</span> <span class='ocrx_word' id='word_1_34' title='bbox 491 689 638 751; x_wconf 87' lang='lat' dir='ltr'>senectus</span> <span class='ocrx_word' id='word_1_35' title='bbox 656 709 762 752; x_wconf 88' lang='lat' dir='ltr'>mores</span> <span class='ocrx_word' id='word_1_36' title='bbox 777 690 972 771; x_wconf 83' lang='lat' dir='ltr'>mutaverat3</span> <span class='ocrx_word' id='word_1_37' title='bbox 992 708 1102 770; x_wconf 91' lang='lat' dir='ltr'>quam-</span> 
     </span>
     <span class='ocr_line' id='line_1_7' title="bbox 93 775 1102 861; baseline 0.001 -23"><span class='ocrx_word' id='word_1_38' title='bbox 93 797 191 858; x_wconf 91' lang='lat' dir='ltr'>quam</span> <span class='ocrx_word' id='word_1_39' title='bbox 217 797 291 839; x_wconf 92' lang='lat' dir='ltr'>eum</span> <span class='ocrx_word' id='word_1_40' title='bbox 316 775 420 838; x_wconf 90' lang='lat' dir='ltr'>colere</span> <span class='ocrx_word' id='word_1_41' title='bbox 443 775 534 858; x_wconf 88' lang='lat' dir='ltr'>coepi</span> <span class='ocrx_word' id='word_1_42' title='bbox 556 795 623 838; x_wconf 90' lang='lat' dir='ltr'>nou</span> <span class='ocrx_word' id='word_1_43' title='bbox 645 775 817 840; x_wconf 78' lang='lat' dir='ltr'><strong>admodum</strong></span> <span class='ocrx_word' id='word_1_44' title='bbox 840 776 995 861; x_wconf 82' lang='lat' dir='ltr'>grandem</span> <span class='ocrx_word' id='word_1_45' title='bbox 1013 778 1102 858; x_wconf 88' lang='lat' dir='ltr'>natu,</span> 
     </span>
     <span class='ocr_line' id='line_1_8' title="bbox 94 862 1102 947; baseline 0 -21"><span class='ocrx_word' id='word_1_46' title='bbox 94 863 150 926; x_wconf 91' lang='lat' dir='ltr'>sed</span> <span class='ocrx_word' id='word_1_47' title='bbox 176 866 292 926; x_wconf 90' lang='lat' dir='ltr'>tamen</span> <span class='ocrx_word' id='word_1_48' title='bbox 318 862 385 926; x_wconf 92' lang='lat' dir='ltr'>iam</span> <span class='ocrx_word' id='word_1_49' title='bbox 414 865 522 926; x_wconf 90' lang='lat' dir='ltr'>aetate</span> <span class='ocrx_word' id='word_1_50' title='bbox 549 866 747 945; x_wconf 84' lang='lat' dir='ltr'>provectum.</span> <span class='ocrx_word' id='word_1_51' title='bbox 791 863 886 928; x_wconf 87' lang='lat' dir='ltr'>Anno</span> <span class='ocrx_word' id='word_1_52' title='bbox 914 863 999 927; x_wconf 89' lang='lat' dir='ltr'>enim</span> <span class='ocrx_word' id='word_1_53' title='bbox 1025 866 1102 947; x_wconf 89' lang='lat' dir='ltr'>post</span> 
     </span>
     <span class='ocr_line' id='line_1_9' title="bbox 95 949 1102 1036; baseline 0 -22"><span class='ocrx_word' id='word_1_54' title='bbox 95 951 209 1014; x_wconf 89' lang='lat' dir='ltr'>consul</span> <span class='ocrx_word' id='word_1_55' title='bbox 233 951 374 1033; x_wconf 90' lang='lat' dir='ltr'>primum</span> <span class='ocrx_word' id='word_1_56' title='bbox 396 949 513 1032; x_wconf 83' lang='lat' dir='ltr'>fuerat,</span> <span class='ocrx_word' id='word_1_57' title='bbox 535 971 633 1032; x_wconf 92' lang='lat' dir='ltr'>quam</span> <span class='ocrx_word' id='word_1_58' title='bbox 656 972 716 1036; x_wconf 89' lang='lat' dir='ltr'>ego</span> <span class='ocrx_word' id='word_1_59' title='bbox 739 954 836 1015; x_wconf 90' lang='lat' dir='ltr'>natus</span> <span class='ocrx_word' id='word_1_60' title='bbox 859 973 944 1034; x_wconf 89' lang='lat' dir='ltr'>sum,</span> <span class='ocrx_word' id='word_1_61' title='bbox 967 971 1102 1034; x_wconf 87' lang='lat' dir='ltr'>cumque</span> 
     </span>
     <span class='ocr_line' id='line_1_10' title="bbox 96 1036 1121 1123; baseline 0 -21"><span class='ocrx_word' id='word_1_62' title='bbox 96 1059 133 1102; x_wconf 91' lang='lat' dir='ltr'>eo</span> <span class='ocrx_word' id='word_1_63' title='bbox 158 1043 312 1120; x_wconf 90' lang='lat' dir='ltr'>quartum</span> <span class='ocrx_word' id='word_1_64' title='bbox 335 1036 466 1102; x_wconf 89' lang='lat' dir='ltr'>consule</span> <span class='ocrx_word' id='word_1_65' title='bbox 490 1036 750 1103; x_wconf 89' lang='lat' dir='ltr'>adulescentulus</span> <span class='ocrx_word' id='word_1_66' title='bbox 773 1040 867 1104; x_wconf 89' lang='lat' dir='ltr'>miles</span> <span class='ocrx_word' id='word_1_67' title='bbox 894 1039 935 1103; x_wconf 90' lang='lat' dir='ltr'>ad</span> <span class='ocrx_word' id='word_1_68' title='bbox 957 1037 1121 1123; x_wconf 43' lang='lat' dir='ltr'>Capuam,</span> 
     </span>
     <span class='ocr_line' id='line_1_11' title="bbox 95 1124 1101 1210; baseline 0.002 -22"><span class='ocrx_word' id='word_1_69' title='bbox 95 1124 262 1208; x_wconf 90' lang='lat' dir='ltr'>profectus</span> <span class='ocrx_word' id='word_1_70' title='bbox 299 1147 370 1189; x_wconf 93' lang='lat' dir='ltr'>sum</span> <span class='ocrx_word' id='word_1_71' title='bbox 404 1124 591 1208; x_wconf 44' lang='lat' dir='ltr'>quintoque*</span> <span class='ocrx_word' id='word_1_72' title='bbox 612 1147 697 1190; x_wconf 91' lang='lat' dir='ltr'>anno</span> <span class='ocrx_word' id='word_1_73' title='bbox 729 1130 805 1210; x_wconf 93' lang='lat' dir='ltr'>post</span> <span class='ocrx_word' id='word_1_74' title='bbox 839 1127 879 1191; x_wconf 92' lang='lat' dir='ltr'>ad</span> <span class='ocrx_word' id='word_1_75' title='bbox 915 1124 1101 1191; x_wconf 80' lang='lat' dir='ltr'>Tarentum.</span> 
     </span>
     <span class='ocr_line' id='line_1_12' title="bbox 96 1211 1102 1298; baseline 0.003 -22"><span class='ocrx_word' id='word_1_76' title='bbox 96 1211 257 1286; x_wconf 73' lang='lat' dir='ltr'>Quaestor</span> <span class='ocrx_word' id='word_1_77' title='bbox 280 1213 393 1276; x_wconf 89' lang='lat' dir='ltr'>deinde</span> <span class='ocrx_word' id='word_1_78' title='bbox 421 1211 631 1295; x_wconf 86' lang='lat' dir='ltr'>quadriennio</span> <span class='ocrx_word' id='word_1_79' title='bbox 658 1217 734 1298; x_wconf 90' lang='lat' dir='ltr'>post</span> <span class='ocrx_word' id='word_1_80' title='bbox 755 1213 861 1279; x_wconf 89' lang='lat' dir='ltr'>factus</span> <span class='ocrx_word' id='word_1_81' title='bbox 889 1236 974 1296; x_wconf 89' lang='lat' dir='ltr'>sum,</span> <span class='ocrx_word' id='word_1_82' title='bbox 1006 1236 1102 1297; x_wconf 92' lang='lat' dir='ltr'>quem</span> 
     </span>
     <span class='ocr_line' id='line_1_13' title="bbox 97 1298 1102 1386; baseline 0.003 -23"><span class='ocrx_word' id='word_1_83' title='bbox 97 1299 328 1385; x_wconf 87' lang='lat' dir='ltr'>magistratum</span> <span class='ocrx_word' id='word_1_84' title='bbox 360 1301 447 1385; x_wconf 81' lang='lat' dir='ltr'>gessi</span> <span class='ocrx_word' id='word_1_85' title='bbox 478 1299 663 1364; x_wconf 90' lang='lat' dir='ltr'>oonsulibus</span> <span class='ocrx_word' id='word_1_86' title='bbox 696 1298 858 1366; x_wconf 81' lang='lat' dir='ltr'>Tuditano</span> <span class='ocrx_word' id='word_1_87' title='bbox 888 1305 921 1366; x_wconf 91' lang='lat' dir='ltr'>et</span> <span class='ocrx_word' id='word_1_88' title='bbox 948 1300 1102 1386; x_wconf 80' lang='lat' dir='ltr'>Cethego,</span> 
     </span>
     <span class='ocr_line' id='line_1_14' title="bbox 96 1387 1102 1475; baseline 0.001 -23"><span class='ocrx_word' id='word_1_89' title='bbox 96 1410 168 1452; x_wconf 87' lang='lat' dir='ltr'>eum</span> <span class='ocrx_word' id='word_1_90' title='bbox 188 1388 317 1470; x_wconf 90' lang='lat' dir='ltr'>quidem</span> <span class='ocrx_word' id='word_1_91' title='bbox 334 1388 391 1452; x_wconf 90' lang='lat' dir='ltr'>ille</span> <span class='ocrx_word' id='word_1_92' title='bbox 414 1387 586 1452; x_wconf 89' lang='lat' dir='ltr'>admodum</span> <span class='ocrx_word' id='word_1_93' title='bbox 610 1408 706 1451; x_wconf 86' lang='lat' dir='ltr'>senex</span> <span class='ocrx_word' id='word_1_94' title='bbox 729 1408 844 1453; x_wconf 88' lang='lat' dir='ltr'>suasor</span> <span class='ocrx_word' id='word_1_95' title='bbox 866 1389 948 1475; x_wconf 87' lang='lat' dir='ltr'>legis</span> <span class='ocrx_word' id='word_1_96' title='bbox 972 1387 1102 1454; x_wconf 82' lang='lat' dir='ltr'>Cinciae</span> 
     </span>
     <span class='ocr_line' id='line_1_15' title="bbox 97 1473 1102 1560; baseline 0.001 -21"><span class='ocrx_word' id='word_1_97' title='bbox 97 1476 136 1540; x_wconf 89' lang='lat' dir='ltr'>de</span> <span class='ocrx_word' id='word_1_98' title='bbox 159 1475 252 1539; x_wconf 88' lang='lat' dir='ltr'>donis</span> <span class='ocrx_word' id='word_1_99' title='bbox 275 1479 308 1540; x_wconf 91' lang='lat' dir='ltr'>et</span> <span class='ocrx_word' id='word_1_100' title='bbox 331 1475 517 1540; x_wconf 90' lang='lat' dir='ltr'>muneribus</span> <span class='ocrx_word' id='word_1_101' title='bbox 539 1473 611 1538; x_wconf 82' lang='lat' dir='ltr'>fuit.</span> <span class='ocrx_word' id='word_1_102' title='bbox 656 1474 719 1540; x_wconf 90' lang='lat' dir='ltr'>Hic</span> <span class='ocrx_word' id='word_1_103' title='bbox 742 1480 775 1539; x_wconf 93' lang='lat' dir='ltr'>et</span> <span class='ocrx_word' id='word_1_104' title='bbox 797 1476 885 1540; x_wconf 90' lang='lat' dir='ltr'>bella</span> <span class='ocrx_word' id='word_1_105' title='bbox 908 1477 1042 1560; x_wconf 82' lang='lat' dir='ltr'>gerebat</span> <span class='ocrx_word' id='word_1_106' title='bbox 1064 1480 1102 1540; x_wconf 94' lang='lat' dir='ltr'>ut</span> 
     </span>
     <span class='ocr_line' id='line_1_16' title="bbox 96 1562 1101 1648; baseline -0.001 -21"><span class='ocrx_word' id='word_1_107' title='bbox 96 1563 299 1648; x_wconf 89' lang='lat' dir='ltr'>adulescens,</span> <span class='ocrx_word' id='word_1_108' title='bbox 327 1584 401 1627; x_wconf 89' lang='lat' dir='ltr'>cum</span> <span class='ocrx_word' id='word_1_109' title='bbox 423 1563 519 1647; x_wconf 91' lang='lat' dir='ltr'>plane</span> <span class='ocrx_word' id='word_1_110' title='bbox 544 1562 674 1647; x_wconf 88' lang='lat' dir='ltr'>grandis</span> <span class='ocrx_word' id='word_1_111' title='bbox 698 1566 796 1646; x_wconf 88' lang='lat' dir='ltr'>esset,</span> <span class='ocrx_word' id='word_1_112' title='bbox 824 1567 856 1628; x_wconf 90' lang='lat' dir='ltr'>et</span> <span class='ocrx_word' id='word_1_113' title='bbox 882 1563 1101 1627; x_wconf 89' lang='lat' dir='ltr'>Hannibalem</span> 
     </span>
     <span class='ocr_line' id='line_1_17' title="bbox 94 1650 1100 1735; baseline 0.002 -21"><span class='ocrx_word' id='word_1_114' title='bbox 94 1651 290 1717; x_wconf 14' lang='lat' dir='ltr'>iuveniliter,</span> <span class='ocrx_word' id='word_1_115' title='bbox 302 1652 501 1714; x_wconf 85' lang='lat' dir='ltr'>exultantem</span> <span class='ocrx_word' id='word_1_116' title='bbox 519 1650 678 1734; x_wconf 90' lang='lat' dir='ltr'>patientia</span> <span class='ocrx_word' id='word_1_117' title='bbox 697 1672 755 1714; x_wconf 89' lang='lat' dir='ltr'>sua</span> <span class='ocrx_word' id='word_1_118' title='bbox 773 1651 956 1735; x_wconf 82' lang='lat' dir='ltr'>molliebat3</span> <span class='ocrx_word' id='word_1_119' title='bbox 978 1652 1018 1715; x_wconf 90' lang='lat' dir='ltr'>de</span> <span class='ocrx_word' id='word_1_120' title='bbox 1037 1672 1100 1734; x_wconf 93' lang='lat' dir='ltr'>quo</span> 
     </span>
     <span class='ocr_line' id='line_1_18' title="bbox 94 1737 752 1824; baseline -0.003 -22"><span class='ocrx_word' id='word_1_121' title='bbox 94 1740 260 1824; x_wconf 90' lang='lat' dir='ltr'>praeclare</span> <span class='ocrx_word' id='word_1_122' title='bbox 283 1738 454 1803; x_wconf 85' lang='lat' dir='ltr'>familiaris</span> <span class='ocrx_word' id='word_1_123' title='bbox 477 1741 588 1802; x_wconf 91' lang='lat' dir='ltr'>noster</span> <span class='ocrx_word' id='word_1_124' title='bbox 610 1737 752 1802; x_wconf 83' lang='lat' dir='ltr'>Ennius:</span> 
     </span>
    </p>

    <p class='ocr_par' dir='ltr' id='par_1_3' title="bbox 138 1826 1074 1891">
     <span class='ocr_line' id='line_1_19' title="bbox 138 1826 1074 1891; baseline -0.001 0"><span class='ocrx_word' id='word_1_125' title='bbox 138 1826 244 1891; x_wconf 91' lang='lat' dir='ltr'>Unus</span> <span class='ocrx_word' id='word_1_126' title='bbox 267 1827 382 1891; x_wconf 91' lang='lat' dir='ltr'>homo</span> <span class='ocrx_word' id='word_1_127' title='bbox 404 1826 522 1891; x_wconf 91' lang='lat' dir='ltr'>nobis</span> <span class='ocrx_word' id='word_1_128' title='bbox 546 1826 761 1891; x_wconf 85' lang='lat' dir='ltr'>cunctando</span> <span class='ocrx_word' id='word_1_129' title='bbox 785 1826 965 1890; x_wconf 88' lang='lat' dir='ltr'>restituit</span> <span class='ocrx_word' id='word_1_130' title='bbox 987 1847 1074 1890; x_wconf 88' lang='lat' dir='ltr'>rem.</span> 
     </span>
    </p>

    <p class='ocr_par' dir='ltr' id='par_1_4' title="bbox 138 1912 1017 1999">
     <span class='ocr_line' id='line_1_20' title="bbox 138 1912 1017 1999; baseline 0 -21"><span class='ocrx_word' id='word_1_131' title='bbox 138 1912 311 1979; x_wconf 90' lang='lat' dir='ltr'>Noenum</span> <span class='ocrx_word' id='word_1_132' title='bbox 334 1934 510 1978; x_wconf 89' lang='lat' dir='ltr'>rumores</span> <span class='ocrx_word' id='word_1_133' title='bbox 533 1915 707 1999; x_wconf 91' lang='lat' dir='ltr'>ponebat</span> <span class='ocrx_word' id='word_1_134' title='bbox 729 1918 820 1979; x_wconf 87' lang='lat' dir='ltr'>anto</span> <span class='ocrx_word' id='word_1_135' title='bbox 844 1914 1017 1978; x_wconf 90' lang='lat' dir='ltr'>salutem.</span> 
     </span>
    </p>

    <p class='ocr_par' dir='ltr' id='par_1_5' title="bbox 140 2001 1101 2088">
     <span class='ocr_line' id='line_1_21' title="bbox 140 2001 1101 2088; baseline 0 -23"><span class='ocrx_word' id='word_1_136' title='bbox 140 2001 243 2087; x_wconf 83' lang='lat' dir='ltr'>Ergo</span> <span class='ocrx_word' id='word_1_137' title='bbox 281 2005 451 2086; x_wconf 87' lang='lat' dir='ltr'>postque</span> <span class='ocrx_word' id='word_1_138' title='bbox 487 2003 690 2086; x_wconf 83' lang='lat' dir='ltr'>magisque</span> <span class='ocrx_word' id='word_1_139' title='bbox 726 2002 801 2069; x_wconf 85' lang='lat' dir='ltr'>viri</span> <span class='ocrx_word' id='word_1_140' title='bbox 836 2025 934 2068; x_wconf 91' lang='lat' dir='ltr'>nunc</span> <span class='ocrx_word' id='word_1_141' title='bbox 975 2001 1101 2088; x_wconf 89' lang='lat' dir='ltr'>gloria</span> 
     </span>
    </p>

    <p class='ocr_par' dir='ltr' id='par_1_6' title="bbox 835 2090 967 2155">
     <span class='ocr_line' id='line_1_22' title="bbox 835 2090 967 2155; baseline 0 0"><span class='ocrx_word' id='word_1_142' title='bbox 835 2090 967 2155; x_wconf 88' lang='lat' dir='ltr'>claret.</span> 
     </span>
    </p>

    <p class='ocr_par' dir='ltr' id='par_1_7' title="bbox 32 2174 1164 3631">
     <span class='ocr_line' id='line_1_23' title="bbox 96 2174 1149 2263; baseline 0.002 -25"><span class='ocrx_word' id='word_1_143' title='bbox 96 2174 272 2240; x_wconf 87' lang='lat' dir='ltr'>Tarentum</span> <span class='ocrx_word' id='word_1_144' title='bbox 294 2198 372 2242; x_wconf 80' lang='lat' dir='ltr'>vero</span> <span class='ocrx_word' id='word_1_145' title='bbox 401 2198 465 2260; x_wconf 93' lang='lat' dir='ltr'>qua</span> <span class='ocrx_word' id='word_1_146' title='bbox 490 2177 677 2262; x_wconf 81' lang='lat' dir='ltr'>vigilantia,</span> <span class='ocrx_word' id='word_1_147' title='bbox 709 2200 773 2261; x_wconf 94' lang='lat' dir='ltr'>quo</span> <span class='ocrx_word' id='word_1_148' title='bbox 801 2179 935 2243; x_wconf 85' lang='lat' dir='ltr'>consilio</span> <span class='ocrx_word' id='word_1_149' title='bbox 965 2177 1100 2263; x_wconf 89' lang='lat' dir='ltr'>recepitl</span> <span class='ocrx_word' id='word_1_150' title='bbox 1121 2192 1149 2241; x_wconf 85' lang='lat'>11</span> 
     </span>
     <span class='ocr_line' id='line_1_24' title="bbox 96 2262 1101 2349; baseline 0.004 -23"><span class='ocrx_word' id='word_1_151' title='bbox 96 2285 169 2327; x_wconf 85' lang='lat' dir='ltr'>cum</span> <span class='ocrx_word' id='word_1_152' title='bbox 192 2263 321 2346; x_wconf 91' lang='lat' dir='ltr'>quidem</span> <span class='ocrx_word' id='word_1_153' title='bbox 348 2286 400 2329; x_wconf 90' lang='lat' dir='ltr'>me</span> <span class='ocrx_word' id='word_1_154' title='bbox 428 2264 577 2329; x_wconf 87' lang='lat' dir='ltr'>audiente</span> <span class='ocrx_word' id='word_1_155' title='bbox 601 2262 791 2349; x_wconf 83' lang='lat' dir='ltr'>Salinatori,</span> <span class='ocrx_word' id='word_1_156' title='bbox 820 2267 875 2349; x_wconf 91' lang='lat' dir='ltr'>qui</span> <span class='ocrx_word' id='word_1_157' title='bbox 903 2266 1022 2330; x_wconf 88' lang='lat' dir='ltr'>amisso</span> <span class='ocrx_word' id='word_1_158' title='bbox 1047 2287 1101 2349; x_wconf 92' lang='lat' dir='ltr'>op-</span> 
     </span>
     <span class='ocr_line' id='line_1_25' title="bbox 96 2350 1100 2437; baseline -0.001 -23"><span class='ocrx_word' id='word_1_159' title='bbox 96 2350 172 2435; x_wconf 91' lang='lat' dir='ltr'>pido</span> <span class='ocrx_word' id='word_1_160' title='bbox 204 2350 334 2435; x_wconf 85' lang='lat' dir='ltr'>fugerat</span> <span class='ocrx_word' id='word_1_161' title='bbox 365 2352 399 2416; x_wconf 88' lang='lat' dir='ltr'>in</span> <span class='ocrx_word' id='word_1_162' title='bbox 427 2374 546 2434; x_wconf 87' lang='lat' dir='ltr'>arcem,</span> <span class='ocrx_word' id='word_1_163' title='bbox 579 2353 734 2437; x_wconf 88' lang='lat' dir='ltr'>glorianti</span> <span class='ocrx_word' id='word_1_164' title='bbox 762 2357 859 2435; x_wconf 90' lang='lat' dir='ltr'>atque</span> <span class='ocrx_word' id='word_1_165' title='bbox 890 2353 938 2417; x_wconf 90' lang='lat' dir='ltr'>ita</span> <span class='ocrx_word' id='word_1_166' title='bbox 969 2353 1100 2418; x_wconf 90' lang='lat' dir='ltr'>dicenti:</span> 
     </span>
     <span class='ocr_line' id='line_1_26' title="bbox 96 2438 1101 2524; baseline 0 -22"><span class='ocrx_word' id='word_1_167' title='bbox 96 2438 190 2502; x_wconf 78' lang='lat' dir='ltr'>‘Mea</span> <span class='ocrx_word' id='word_1_168' title='bbox 204 2459 333 2523; x_wconf 89' lang='lat' dir='ltr'>opera,</span> <span class='ocrx_word' id='word_1_169' title='bbox 348 2438 501 2524; x_wconf 57' lang='lat' dir='ltr'>quati,</span> <span class='ocrx_word' id='word_1_170' title='bbox 515 2438 720 2504; x_wconf 89' lang='lat' dir='ltr'>Tarentum</span> <span class='ocrx_word' id='word_1_171' title='bbox 735 2440 941 2524; x_wconf 84' lang='lat' dir='ltr'>recepisti&#39;:</span> <span class='ocrx_word' id='word_1_172' title='bbox 956 2438 1101 2522; x_wconf 77' lang='lat' dir='ltr'>‘Certe&#39;,</span> 
     </span>
     <span class='ocr_line' id='line_1_27' title="bbox 96 2526 1100 2610; baseline -0.001 -21"><span class='ocrx_word' id='word_1_173' title='bbox 96 2526 202 2609; x_wconf 91' lang='lat' dir='ltr'>inquit</span> <span class='ocrx_word' id='word_1_174' title='bbox 224 2526 346 2610; x_wconf 88' lang='lat' dir='ltr'>ridens,</span> <span class='ocrx_word' id='word_1_175' title='bbox 375 2526 471 2591; x_wconf 86' lang='lat' dir='ltr'>‘nam</span> <span class='ocrx_word' id='word_1_176' title='bbox 493 2528 571 2591; x_wconf 88' lang='lat' dir='ltr'>nisi</span> <span class='ocrx_word' id='word_1_177' title='bbox 593 2531 635 2590; x_wconf 90' lang='lat' dir='ltr'>tu</span> <span class='ocrx_word' id='word_1_178' title='bbox 657 2526 871 2608; x_wconf 85' lang='lat' dir='ltr'>amisisses,</span> <span class='ocrx_word' id='word_1_179' title='bbox 897 2547 1100 2608; x_wconf 90' lang='lat' dir='ltr'>numquam</span> 
     </span>
     <span class='ocr_line' id='line_1_28' title="bbox 95 2613 1100 2698; baseline -0.003 -20"><span class='ocrx_word' id='word_1_180' title='bbox 95 2613 349 2698; x_wconf 70' lang='lat' dir='ltr'>recepissem?</span> <span class='ocrx_word' id='word_1_181' title='bbox 395 2613 463 2679; x_wconf 88' lang='lat' dir='ltr'>Nee</span> <span class='ocrx_word' id='word_1_182' title='bbox 485 2636 562 2679; x_wconf 86' lang='lat' dir='ltr'>vero</span> <span class='ocrx_word' id='word_1_183' title='bbox 584 2614 619 2678; x_wconf 92' lang='lat' dir='ltr'>in</span> <span class='ocrx_word' id='word_1_184' title='bbox 642 2615 740 2678; x_wconf 89' lang='lat' dir='ltr'>armis</span> <span class='ocrx_word' id='word_1_185' title='bbox 763 2613 981 2698; x_wconf 89' lang='lat' dir='ltr'>praestantior</span> <span class='ocrx_word' id='word_1_186' title='bbox 1003 2634 1100 2695; x_wconf 90' lang='lat' dir='ltr'>quam</span> 
     </span>
     <span class='ocr_line' id='line_1_29' title="bbox 95 2698 1100 2787; baseline -0.002 -23"><span class='ocrx_word' id='word_1_187' title='bbox 95 2701 129 2764; x_wconf 91' lang='lat' dir='ltr'>in</span> <span class='ocrx_word' id='word_1_188' title='bbox 151 2705 245 2787; x_wconf 82' lang='lat' dir='ltr'>toga3</span> <span class='ocrx_word' id='word_1_189' title='bbox 269 2702 324 2783; x_wconf 93' lang='lat' dir='ltr'>qui</span> <span class='ocrx_word' id='word_1_190' title='bbox 347 2703 459 2766; x_wconf 90' lang='lat' dir='ltr'>consul</span> <span class='ocrx_word' id='word_1_191' title='bbox 481 2701 601 2766; x_wconf 91' lang='lat' dir='ltr'>iterum</span> <span class='ocrx_word' id='word_1_192' title='bbox 624 2698 678 2785; x_wconf 86' lang='lat' dir='ltr'>Sp.</span> <span class='ocrx_word' id='word_1_193' title='bbox 701 2699 842 2766; x_wconf 78' lang='lat' dir='ltr'>Carvilio</span> <span class='ocrx_word' id='word_1_194' title='bbox 865 2699 992 2784; x_wconf 84' lang='lat' dir='ltr'>collega</span> <span class='ocrx_word' id='word_1_195' title='bbox 1015 2699 1100 2781; x_wconf 90' lang='lat' dir='ltr'>quie-</span> 
     </span>
     <span class='ocr_line' id='line_1_30' title="bbox 97 2785 1101 2872; baseline -0.003 -20"><span class='ocrx_word' id='word_1_196' title='bbox 97 2792 205 2853; x_wconf 89' lang='lat' dir='ltr'>scente</span> <span class='ocrx_word' id='word_1_197' title='bbox 224 2787 258 2853; x_wconf 79' lang='lat' dir='ltr'>d.</span> <span class='ocrx_word' id='word_1_198' title='bbox 272 2787 432 2854; x_wconf 85' lang='lat' dir='ltr'>Flaminio</span> <span class='ocrx_word' id='word_1_199' title='bbox 447 2789 578 2853; x_wconf 88' lang='lat' dir='ltr'>tribuno</span> <span class='ocrx_word' id='word_1_200' title='bbox 598 2788 712 2872; x_wconf 80' lang='lat' dir='ltr'>plebia,</span> <span class='ocrx_word' id='word_1_201' title='bbox 727 2787 833 2871; x_wconf 90' lang='lat' dir='ltr'>quoad</span> <span class='ocrx_word' id='word_1_202' title='bbox 846 2786 964 2872; x_wconf 90' lang='lat' dir='ltr'>potuit,</span> <span class='ocrx_word' id='word_1_203' title='bbox 978 2785 1101 2850; x_wconf 89' lang='lat' dir='ltr'>restitit</span> 
     </span>
     <span class='ocr_line' id='line_1_31' title="bbox 96 2875 1100 2959; baseline -0.002 -20"><span class='ocrx_word' id='word_1_204' title='bbox 96 2895 211 2959; x_wconf 91' lang='lat' dir='ltr'>agrum</span> <span class='ocrx_word' id='word_1_205' title='bbox 237 2875 404 2940; x_wconf 91' lang='lat' dir='ltr'>Picentem</span> <span class='ocrx_word' id='word_1_206' title='bbox 431 2880 465 2941; x_wconf 93' lang='lat' dir='ltr'>et</span> <span class='ocrx_word' id='word_1_207' title='bbox 493 2875 654 2940; x_wconf 83' lang='lat' dir='ltr'>Gallicum</span> <span class='ocrx_word' id='word_1_208' title='bbox 680 2875 805 2940; x_wconf 86' lang='lat' dir='ltr'>viritim</span> <span class='ocrx_word' id='word_1_209' title='bbox 832 2876 945 2939; x_wconf 90' lang='lat' dir='ltr'>contra</span> <span class='ocrx_word' id='word_1_210' title='bbox 968 2876 1100 2938; x_wconf 91' lang='lat' dir='ltr'>senatus</span> 
     </span>
     <span class='ocr_line' id='line_1_32' title="bbox 97 2961 1100 3048; baseline 0.001 -23"><span class='ocrx_word' id='word_1_211' title='bbox 97 2963 324 3028; x_wconf 86' lang='lat' dir='ltr'>auctoritatem</span> <span class='ocrx_word' id='word_1_212' title='bbox 354 2963 522 3047; x_wconf 70' lang='lat' dir='ltr'>dividenti,</span> <span class='ocrx_word' id='word_1_213' title='bbox 562 2983 728 3048; x_wconf 90' lang='lat' dir='ltr'>augurque</span> <span class='ocrx_word' id='word_1_214' title='bbox 760 2984 832 3026; x_wconf 89' lang='lat' dir='ltr'>cum</span> <span class='ocrx_word' id='word_1_215' title='bbox 866 2964 964 3045; x_wconf 90' lang='lat' dir='ltr'>esset,</span> <span class='ocrx_word' id='word_1_216' title='bbox 997 2961 1100 3027; x_wconf 86' lang='lat' dir='ltr'>dicere</span> 
     </span>
     <span class='ocr_line' id='line_1_33' title="bbox 32 3050 1100 3136; baseline 0.002 -24"><span class='ocrx_word' id='word_1_217' title='bbox 32 3067 34 3073; x_wconf 87' lang='lat'>·</span> <span class='ocrx_word' id='word_1_218' title='bbox 97 3071 193 3114; x_wconf 87' lang='lat' dir='ltr'>ausus</span> <span class='ocrx_word' id='word_1_219' title='bbox 222 3055 272 3115; x_wconf 88' lang='lat' dir='ltr'>est</span> <span class='ocrx_word' id='word_1_220' title='bbox 299 3051 457 3136; x_wconf 90' lang='lat' dir='ltr'>optimis</span> <span class='ocrx_word' id='word_1_221' title='bbox 486 3050 671 3134; x_wconf 90' lang='lat' dir='ltr'>auspiciis</span> <span class='ocrx_word' id='word_1_222' title='bbox 704 3071 746 3114; x_wconf 90' lang='lat' dir='ltr'>ea</span> <span class='ocrx_word' id='word_1_223' title='bbox 779 3050 876 3135; x_wconf 91' lang='lat' dir='ltr'>geri,</span> <span class='ocrx_word' id='word_1_224' title='bbox 909 3071 1003 3132; x_wconf 93' lang='lat' dir='ltr'>quae</span> <span class='ocrx_word' id='word_1_225' title='bbox 1031 3071 1100 3135; x_wconf 93' lang='lat' dir='ltr'>pro</span> 
     </span>
     <span class='ocr_line' id='line_1_34' title="bbox 96 3135 1105 3223; baseline 0.002 -22"><span class='ocrx_word' id='word_1_226' title='bbox 96 3138 151 3202; x_wconf 91' lang='lat' dir='ltr'>rei</span> <span class='ocrx_word' id='word_1_227' title='bbox 188 3135 369 3223; x_wconf 90' lang='lat' dir='ltr'>publicae</span> <span class='ocrx_word' id='word_1_228' title='bbox 402 3140 528 3203; x_wconf 89' lang='lat' dir='ltr'>salute</span> <span class='ocrx_word' id='word_1_229' title='bbox 560 3141 801 3223; x_wconf 83' lang='lat' dir='ltr'>gererentur3</span> <span class='ocrx_word' id='word_1_230' title='bbox 837 3159 932 3222; x_wconf 91' lang='lat' dir='ltr'>quae</span> <span class='ocrx_word' id='word_1_231' title='bbox 967 3142 1105 3203; x_wconf 90' lang='lat' dir='ltr'>contra</span> 
     </span>
     <span class='ocr_line' id='line_1_35' title="bbox 96 3224 1100 3311; baseline 0 -22"><span class='ocrx_word' id='word_1_232' title='bbox 96 3248 173 3290; x_wconf 90' lang='lat' dir='ltr'>rem</span> <span class='ocrx_word' id='word_1_233' title='bbox 197 3226 392 3310; x_wconf 91' lang='lat' dir='ltr'>publicam</span> <span class='ocrx_word' id='word_1_234' title='bbox 414 3225 623 3309; x_wconf 85' lang='lat' dir='ltr'>ferrentur,</span> <span class='ocrx_word' id='word_1_235' title='bbox 646 3230 783 3291; x_wconf 89' lang='lat' dir='ltr'>contra</span> <span class='ocrx_word' id='word_1_236' title='bbox 805 3224 978 3311; x_wconf 88' lang='lat' dir='ltr'>auspicia</span> <span class='ocrx_word' id='word_1_237' title='bbox 996 3225 1100 3290; x_wconf 83' lang='lat' dir='ltr'>ferri.</span> 
     </span>
     <span class='ocr_line' id='line_1_36' title="bbox 94 3312 1157 3399; baseline 0.002 -22"><span class='ocrx_word' id='word_1_238' title='bbox 94 3313 203 3377; x_wconf 91' lang='lat' dir='ltr'>Multa</span> <span class='ocrx_word' id='word_1_239' title='bbox 217 3313 259 3376; x_wconf 92' lang='lat' dir='ltr'>in</span> <span class='ocrx_word' id='word_1_240' title='bbox 281 3335 319 3377; x_wconf 90' lang='lat' dir='ltr'>eo</span> <span class='ocrx_word' id='word_1_241' title='bbox 342 3314 412 3377; x_wconf 88' lang='lat' dir='ltr'>viro</span> <span class='ocrx_word' id='word_1_242' title='bbox 436 3312 603 3398; x_wconf 88' lang='lat' dir='ltr'>praeclara</span> <span class='ocrx_word' id='word_1_243' title='bbox 630 3313 781 3399; x_wconf 81' lang='lat' dir='ltr'>cognovi3</span> <span class='ocrx_word' id='word_1_244' title='bbox 809 3314 865 3379; x_wconf 90' lang='lat' dir='ltr'>sed</span> <span class='ocrx_word' id='word_1_245' title='bbox 891 3313 973 3378; x_wconf 89' lang='lat' dir='ltr'>nihil</span> <span class='ocrx_word' id='word_1_246' title='bbox 1002 3314 1101 3378; x_wconf 93' lang='lat' dir='ltr'>admi·</span> <span class='ocrx_word' id='word_1_247' title='bbox 1121 3328 1157 3379; x_wconf 76' lang='lat' dir='ltr'>la</span> 
     </span>
     <span class='ocr_line' id='line_1_37' title="bbox 95 3400 1101 3486; baseline 0.002 -22"><span class='ocrx_word' id='word_1_248' title='bbox 95 3400 246 3486; x_wconf 89' lang='lat' dir='ltr'>rabilius,</span> <span class='ocrx_word' id='word_1_249' title='bbox 266 3421 446 3484; x_wconf 89' lang='lat' dir='ltr'>quamquo</span> <span class='ocrx_word' id='word_1_250' title='bbox 469 3401 564 3466; x_wconf 91' lang='lat' dir='ltr'>modo</span> <span class='ocrx_word' id='word_1_251' title='bbox 583 3401 639 3465; x_wconf 89' lang='lat' dir='ltr'>illc</span> <span class='ocrx_word' id='word_1_252' title='bbox 659 3405 797 3467; x_wconf 88' lang='lat' dir='ltr'>mortem</span> <span class='ocrx_word' id='word_1_253' title='bbox 821 3402 881 3467; x_wconf 89' lang='lat' dir='ltr'>lilii</span> <span class='ocrx_word' id='word_1_254' title='bbox 906 3401 996 3485; x_wconf 90' lang='lat' dir='ltr'>tulit,</span> <span class='ocrx_word' id='word_1_255' title='bbox 1020 3401 1101 3466; x_wconf 90' lang='lat' dir='ltr'>clari</span> 
     </span>
     <span class='ocr_line' id='line_1_38' title="bbox 94 3422 1164 3631; baseline 0.001 -78"><span class='ocrx_word' id='word_1_256' title='bbox 94 3488 158 3553; x_wconf 85' lang='lat' dir='ltr'>viri</span> <span class='ocrx_word' id='word_1_257' title='bbox 181 3492 214 3553; x_wconf 91' lang='lat' dir='ltr'>et</span> <span class='ocrx_word' id='word_1_258' title='bbox 233 3487 420 3553; x_wconf 87' lang='lat' dir='ltr'>consularis.</span> <span class='ocrx_word' id='word_1_259' title='bbox 451 3486 514 3553; x_wconf 78' lang='lat' dir='ltr'>Est</span> <span class='ocrx_word' id='word_1_260' title='bbox 527 3487 561 3553; x_wconf 93' lang='lat' dir='ltr'>in</span> <span class='ocrx_word' id='word_1_261' title='bbox 575 3488 724 3554; x_wconf 86' lang='lat' dir='ltr'>manibus</span> <span class='ocrx_word' id='word_1_262' title='bbox 739 3489 892 3575; x_wconf 87' lang='lat' dir='ltr'>laudatio,</span> <span class='ocrx_word' id='word_1_263' title='bbox 912 3511 1010 3575; x_wconf 88' lang='lat' dir='ltr'>quam</span> <span class='ocrx_word' id='word_1_264' title='bbox 1027 3511 1101 3555; x_wconf 89' lang='lat' dir='ltr'>cum</span> <span class='ocrx_word' id='word_1_265' title='bbox 1120 3422 1164 3631; x_wconf 38' lang='lat' dir='ltr'>ll</span> 
     </span>
    </p>
   </div>
   <div class='ocr_carea' id='block_1_3' title="bbox 1121 474 1155 523">
    <p class='ocr_par' dir='ltr' id='par_1_8' title="bbox 1121 474 1155 523">
     <span class='ocr_line' id='line_1_39' title="bbox 1121 474 1155 523; baseline 0.029 -1"><span class='ocrx_word' id='word_1_266' title='bbox 1121 474 1155 523; x_wconf 92' lang='lat'>10</span> 
     </span>
    </p>
   </div>
   <div class='ocr_carea' id='block_1_4' title="bbox 0 0 1244 3848">
    <p class='ocr_par' dir='ltr' id='par_1_9' title="bbox 0 0 1244 3848">
     <span class='ocr_line' id='line_1_40' title="bbox 0 0 1244 3848; baseline 0 0"><span class='ocrx_word' id='word_1_267' title='bbox 0 0 1244 3848; x_wconf 95' lang='lat' dir='ltr'> </span> 
     </span>
    </p>
   </div>
  </div>
 </body>
</html>
