2436 3840
517 168 758 231 -286—

133 334 172 395 ut
194 329 380 394 reficiantur
401 329 496 412 vires,
517 349 585 393 non
606 327 839 412 opprimantur.
880 327 949 394 Nee
971 351 1049 395 vero
1074 352 1142 396 cor·

134 417 207 503 pori
230 417 336 482 solum
359 416 611 482 subveniendum
634 419 693 500 est,
715 415 772 480 sed
793 415 896 480 menti
914 420 1012 500 atque
1031 417 1141 483 animo

134 506 238 570 multo
261 504 382 590 magis3
403 526 479 569 nam
500 503 580 569 haec
598 525 734 587 qnoque,
755 503 820 567 nisi
837 507 1006 588 tamquam
1024 505 1143 570 lumini

135 594 242 658 oleum
268 593 422 675 instilles,
454 591 687 677 extinguuntur
714 595 885 656 senectute.
930 591 975 655 Et
1002 613 1142 677 corpora

136 681 261 765 quidem
274 679 538 745 exercitationum
547 678 778 764 defatigatione
787 679 1025 764 ingravescunt,
1040 681 1142 746 animi

135 773 244 834 autem
274 768 447 832 exercendo
478 768 636 831 levantur.
681 766 767 831 Nam
799 788 879 850 quos
910 767 957 831 ait
981 765 1141 833 Caecilius

134 856 317 922 'comicos
345 855 490 919 stultos
518 853 654 938 senes',
686 855 746 919 hoe
783 854 946 940 significat
981 855 1141 939 credulos,

135 944 325 1026 obliviosos,
349 943 537 1026 dissolutos,
560 964 642 1026 quae
665 943 746 1007 vitia
768 946 844 1007 sunt
866 964 931 1006 non
954 944 1140 1028 senectutis,

135 1032 191 1095 sed
209 1031 332 1112 inertis,
350 1029 495 1113 ignavae,
516 1031 750 1096 somniculosae
769 1030 952 1094 senectutis
984 1029 1031 1096 Ut
1049 1036 1141 1114 petu-

135 1118 247 1201 lantia,
265 1121 303 1182 ut
320 1117 421 1181 libido
440 1117 544 1202 magis
564 1121 615 1181 est
633 1118 884 1183 adulescentium
904 1140 1002 1201 quam
1016 1140 1140 1204 senum,

134 1228 192 1270 nec
215 1209 326 1269 tamen
348 1205 491 1269 omnium
512 1205 772 1289 adulescentium,
796 1206 851 1269 sed
869 1227 935 1270 non
952 1207 1140 1291 proborum,

136 1294 181 1359 sic
198 1293 265 1358 ista
282 1293 393 1358 senilis
416 1293 567 1376 stultitia,
591 1315 671 1377 quae
695 1293 843 1358 deliratio
862 1294 1021 1377 appellari
1045 1295 1140 1379 solet,

82 1397 114 1447 87
135 1403 248 1446 senum
275 1381 396 1446 levium
423 1383 486 1465 est,
512 1402 578 1445 non
605 1381 756 1446 omnium.
802 1379 963 1455 Quattuor
985 1382 1139 1448 robustos

134 1470 230 1554 filios,
253 1470 393 1553 quinque
415 1469 509 1552 filias,
532 1473 659 1533 tantam
678 1469 817 1552 domum,
840 1472 950 1533 tantas
969 1469 1139 1535 clientelas

134 1557 261 1642 Appius
276 1559 410 1643 regebat
428 1561 461 1622 et
479 1579 591 1622 caecus
610 1561 643 1621 et
661 1579 771 1640 senex3
788 1557 949 1621 intentum
968 1557 1053 1621 enim
1073 1558 1140 1622 ani-

134 1668 223 1709 mum
251 1651 418 1728 tamquam
445 1668 555 1710 arcum
582 1646 725 1709 habebat
751 1667 811 1709 nec
834 1645 1046 1730 languescens
1070 1667 1140 1711 suc·

42 1740 45 1747 '
135 1734 306 1798 cumbebat
330 1734 500 1816 senectuti3
526 1733 659 1797 tenebat
684 1755 751 1797 non
777 1733 872 1798 modo
900 1732 1138 1818 auctoritatem,

134 1822 190 1884 sed
213 1821 312 1885 etiam
334 1821 504 1904 imperium
531 1821 565 1884 in
593 1841 681 1903 suos,
708 1820 896 1884 metuebant
923 1821 1021 1904 servi,
1050 1843 1140 1887 vere·

133 1909 252 1972 bantur
275 1907 376 1989 liberi,
399 1930 509 1971 carum
532 1929 643 1972 omnes
665 1907 843 1992 habebant3
866 1908 999 1992 vigebat
1021 1908 1056 1971 in
1078 1909 1139 1973 illa

81 1995 229 2060 cadomo
257 1994 382 2078 patrius
410 2016 480 2059 mos
508 1998 541 2058 et
570 1995 747 2079 disciplina.
792 1995 844 2061 Ita
871 1997 955 2061 enim
987 2000 1136 2061 senectus

133 2081 270 2146 honesta
293 2084 355 2163 est,
383 2081 411 2144 si
434 2081 562 2165 seipsa
585 2082 739 2168 defendit,
769 2082 799 2148 si
819 2084 869 2148 ius
894 2105 986 2148 snum
1008 2084 1138 2168 retinet,

134 2169 162 2232 si
184 2168 306 2232 nemini
328 2169 531 2252 emancipata
553 2174 613 2254 est,
635 2171 664 2234 si
685 2193 787 2254 usque
810 2172 850 2236 ad
872 2172 1023 2235 ultimum
1044 2172 1138 2256 spiri·

132 2259 204 2321 tum
231 2256 415 2321 dominatur
441 2256 475 2320 in
503 2279 587 2322 suos.
631 2257 678 2323 Ut
704 2259 790 2323 enim
820 2259 1071 2342 adulescentem,
1102 2260 1138 2324 in

133 2366 196 2427 qno
221 2349 271 2408 est
293 2345 393 2410 senile
416 2345 550 2428 aliquid,
578 2345 624 2411 sie
647 2367 769 2429 senem,
796 2346 830 2410 in
853 2368 916 2430 quo
939 2350 989 2410 est
1013 2347 1137 2430 aliquid

133 2431 356 2517 adulescentis,
377 2433 495 2518 probe,
518 2434 604 2518 quod
628 2434 684 2517 qui
706 2434 860 2518 sequitur,
883 2455 1018 2517 corpore
1039 2456 1137 2498 senex

133 2541 203 2585 esse
234 2521 367 2606 poterit,
400 2521 507 2587 animo
539 2543 715 2606 numquam
747 2521 816 2586 erit.
862 2518 1024 2606 Septimus
1055 2521 1137 2585 mihi

132 2608 216 2672 liber
247 2607 416 2694 Originum
447 2612 498 2674 est
527 2609 563 2674 in
595 2609 757 2693 manibus,
790 2609 899 2674 omnia
929 2608 1136 2692 antiquitatis

133 2701 341 2761 monumenta
358 2696 487 2781 collige,
509 2719 680 2762 causarum
699 2697 895 2779 inlustrium,
919 2718 1137 2781 quascumque

133 2785 267 2867 defendi,
284 2806 369 2850 nunc
383 2807 456 2849 cum
470 2786 609 2849 maxime
623 2784 756 2850 conficio
776 2785 947 2866 orationes,
966 2784 1016 2848 ius
1035 2806 1136 2869 augu-

132 2872 225 2955 rium,
248 2872 457 2956 pontificium,
480 2872 574 2937 civile
592 2876 706 2957 tracto,
730 2873 869 2936 multum
888 2873 986 2935 etiam
1005 2871 1137 2937 Graecis

101 2999 104 3004 -
132 2959 252 3022 litteris
266 2962 341 3023 utor
352 2960 694 3044 Pythagoreorumque
708 2981 798 3024 more
812 2959 1004 3024 exercendae
1018 2980 1138 3024 memo-

132 3045 199 3108 riae
215 3045 330 3129 gratia,
349 3047 425 3129 quid
444 3069 570 3130 quoque
589 3048 640 3112 die
659 3046 802 3130 dixerim,
822 3047 986 3130 audierim,
1005 3047 1137 3131 egerim,

132 3153 349 3196 commemoro
368 3135 502 3217 vesperi.
539 3133 628 3200 Haec
648 3138 723 3199 sunt
741 3135 987 3199 exercitationes
1005 3134 1138 3219 ingenii,

132 3219 212 3284 haec
228 3219 385 3284 curricula
404 3221 530 3304 mentis,
549 3223 584 3286 in
601 3223 652 3287 his
672 3223 830 3287 desudans
850 3225 946 3305 atque
966 3222 1137 3286 elaborans

132 3307 276 3390 corporis
290 3306 453 3372 vires'non
463 3330 582 3394 magno
593 3333 688 3394 opere
703 3310 856 3375 desidero.
875 3310 1001 3373 Adsum
1016 3309 1137 3393 amicis,

131 3395 225 3459 venio
243 3394 278 3458 in
297 3399 445 3459 senatum
462 3394 613 3480 frequens
632 3398 783 3482 ultroque
803 3397 912 3462 adfero
931 3418 982 3461 res
997 3397 1137 3461 multum

131 3486 165 3549 et
183 3483 237 3549 diu
255 3483 416 3569 cogitatas
436 3505 553 3569 easque
571 3488 664 3551 tueor
685 3485 793 3570 animi,
815 3507 881 3550 non
899 3483 1043 3569 eorporis
1062 3484 1138 3550 viri-
