2476 3848
543 184 830 251 -528-·

164 343 370 411 ‘sententia
401 343 651 409 confirmavit
683 343 860 426 animum,
895 363 941 407 ne
972 341 1069 426 quod
1101 345 1168 408 aut

164 432 439 516 sempiternum
470 433 536 496 aut
571 431 793 496 diuturnum
823 431 978 494 timeret
1013 430 1167 514 malum,

111 628 144 678 a
164 518 1165 689 tlttlitlttlattiliaellinpaldatt

163 694 293 778 quidam
320 694 471 776 Epicurei
496 694 675 758 timidiores
702 693 799 777 paulo
825 696 938 758 contra
958 694 1067 757 vestra
1089 713 1166 757 con-

162 783 259 863 vicia,
290 781 347 845 sed
376 786 487 846 tamen
523 781 602 845 satis
634 781 733 864 acuti,
764 781 819 865 qui
850 782 1011 863 verentur,
1045 801 1101 863 ne,
1137 780 1167 847 si

163 869 340 935 amicitiam
374 872 506 952 propter
539 872 685 933 nostram
719 868 918 950 voluptatem
956 867 1165 951 expetendam

162 959 325 1039 putemus,
347 959 418 1021 tota
436 956 580 1021 amicitia
602 956 694 1040 quasi
713 956 891 1020 claudicare
907 954 1065 1019 videatur.
1099 954 1165 1019 Ita·

162 1064 224 1127 que
250 1044 372 1145 primos
400 1063 590 1127 congressus
620 1043 902 1127 copulationesque
933 1046 966 1106 et
997 1047 1165 1109 consuetu·

163 1131 310 1194 dinum
300 1153 350 1195 ms
352 1131 569 1196 tituendarum
595 1131 779 1195 voluntates
800 1130 872 1195 fieri
897 1133 1030 1214 prepter
1050 1131 1164 1214 volup·

162 1220 277 1303 tatem3
314 1239 386 1282 cum
422 1222 528 1283 autem
563 1240 640 1283 usus
671 1217 880 1303 progrediens
910 1216 1166 1283 familiaritatem

164 1305 315 1387 effecerit,
337 1308 408 1369 tum
426 1328 568 1371 amorem
586 1306 784 1371 efflorescere
801 1309 942 1388 tantum,
963 1309 1014 1388 ut,
1036 1307 1165 1371 etiamsi

162 1393 254 1458 nulla
271 1394 315 1457 sit
331 1393 458 1459 utilitas
476 1414 515 1458 ex
534 1394 688 1477 amicitia,
710 1397 820 1458 tamen
836 1394 899 1476 ipsi
919 1393 1015 1459 amici
1032 1398 1166 1477 propter

164 1502 198 1545 se
216 1481 304 1564 ipsos
323 1484 478 1545 amentur.
513 1481 643 1546 Etenim
662 1481 790 1564 siloae,
810 1482 838 1545 si
855 1481 945 1565 fana,
965 1482 994 1544 si
1011 1481 1119 1566 urbes,
1137 1482 1164 1546 si

163 1569 345 1653 gymnasia,
374 1569 402 1632 si
425 1590 585 1652 campum,
612 1569 771 1648 sicanas,
798 1570 826 1633 si
849 1590 959 1653 equos,
990 1569 1019 1632 si
1041 1569 1166 1634 ludicra

163 1656 329 1720 exercendi
355 1659 412 1720 aut
433 1655 571 1721 venandi
593 1657 821 1721 consuetudine
843 1657 993 1722 adamare
1015 1658 1163 1740 solemus,

163 1746 283 1826 quanto
319 1744 352 1807 id
390 1744 425 1808 in
459 1743 628 1809 hominum
667 1745 895 1809 consuetudine
930 1743 1058 1809 facilius
1093 1745 1163 1808 fieri

111 1850 145 1900 70
163 1831 284 1914 poterit
316 1833 348 1895 et
379 1831 516 1895 iustius?
570 1829 652 1896 Sunt
683 1835 802 1915 autem,
830 1833 886 1915 qni
912 1830 1021 1895 dicant
1050 1831 1163 1897 foedus

163 1939 232 1984 esse
255 1918 414 2003 quoddam
436 1919 642 2002 sapientium,
670 1923 707 1983 ut
731 1940 773 1983 ne
794 1920 900 1983 minus
922 1919 1043 1984 amicos
1066 1941 1163 2004 quam

163 2006 308 2089 seipsos
332 2006 478 2089 diligant.
515 2005 606 2081 Quod
628 2009 661 2070 et
683 2026 777 2089 posse
799 2006 867 2070 fieri
889 2007 1106 2092 intellegimus
1130 2011 1163 2070 et

163 2114 258 2175 saepe
289 2093 405 2156 euenire
434 2093 591 2175 videmus,
624 2095 658 2157 et
687 2093 891 2176 perspicuum
923 2098 972 2161 est
1006 2094 1089 2158 nihil
1121 2093 1162 2158 ad

162 2179 298 2242 iucunde
325 2178 496 2243 vivendum
522 2180 657 2263 reperiri
683 2202 792 2262 posse,
824 2182 909 2265 quod
939 2180 1163 2247 coniunctione

162 2266 222 2330 tali
240 2266 284 2330 sit
305 2266 421 2349 aptius.
453 2266 575 2342 Quibus
593 2289 632 2332 ex
650 2268 799 2333 omnibus
816 2269 952 2335 iudicari
972 2272 1081 2352 potest
1098 2291 1164 2334 non

163 2353 258 2418 modo
284 2375 351 2418 non
376 2354 525 2438 impediri
556 2354 715 2420 rationem
743 2356 917 2439 amicitiae,
944 2357 973 2421 si
1003 2378 1164 2420 summum

162 2441 284 2507 bonum
297 2442 333 2506 in
345 2442 512 2524 voluptate
528 2445 676 2527 ponatur,
695 2444 751 2507 sed
765 2444 832 2508 sine
848 2443 910 2508 hoc
926 2444 1163 2509 institutionem

163 2530 294 2594 omnino
319 2530 478 2594 amicitiae
499 2551 566 2594 non
586 2553 682 2614 posse
706 2531 848 2614 reperiri.

110 2585 196 2769 li
222 2617 486 2769 aruisse
501 2638 670 2769 gressu
688 2618 780 2786 ae]
802 2618 964 2770 elsa
984 2617 1164 2769 leucu

465 2755 473 2789 7

161 2796 267 2875 turae,
290 2792 319 2856 si
335 2795 407 2856 tota
425 2792 529 2856 oratio
547 2795 660 2856 nostra
678 2813 805 2856 omnem
823 2792 886 2857 sibi
902 2791 997 2855 fidem
1015 2792 1163 2857 sensibus

67 2884 80 2967 l
162 2881 346 2961 confirmat,
372 2879 406 2942 id
433 2882 482 2944 est
509 2879 702 2962 incorruptis
730 2883 826 2963 atque
852 2879 987 2963 integris
1015 2880 1164 2959 testibus,

67 2970 73 2995 ·’
163 2968 191 3032 si
209 2967 350 3031 infantes
367 2967 466 3049 pueri,
484 2970 592 3030 mutae
611 2968 709 3031 etiam
729 2968 851 3031 bestiae
869 2988 971 3050 paene
988 2967 1166 3051 loquuntur

161 3056 321 3137 magistra
347 3074 384 3118 ac
411 3053 489 3118 duce
515 3057 632 3118 natura
662 3053 745 3117 nihil
777 3077 847 3119 esse
877 3076 1068 3138 prosperum
1098 3055 1165 3118 nisi

161 3140 375 3224 voluptatem,
405 3140 488 3205 nihil
519 3163 669 3224 asperum
699 3141 763 3206 nisi
795 3142 950 3225 dolorem,
981 3142 1019 3206 de
1048 3143 1164 3226 quibus

160 3247 264 3311 neque
296 3228 467 3312 depravate
498 3229 642 3294 iudicant
672 3250 774 3312 neque
805 3232 967 3313 corrupte,
997 3251 1103 3294 nonne
1134 3230 1165 3293 ci

240 3314 247 3328 ‘
284 3337 337 3379 am
358 3317 497 3398 gratiam
520 3317 640 3382 habere
662 3317 826 3400 debemus,
853 3317 907 3400 qui
930 3317 991 3382 hae
1014 3316 1166 3381 exaudita

87 3443 123 3484 f·
206 3404 209 3409 '
242 3401 254 3466 i
280 3424 357 3468 voce
382 3407 517 3468 naturae
545 3406 589 3470 sic
625 3427 696 3470 eam
722 3405 813 3468 firme
843 3405 1048 3488 graviterque
1080 3427 1166 3469 com·

85 3563 103 3600 f
117 3508 153 3580 j
167 3308 185 3552 Ι
199 3330 377 3603 gandent,
404 3494 441 3554 ut
467 3513 578 3557 omnes
604 3493 686 3556 bene
714 3513 809 3556 sanos
836 3491 979 3557 inviam
1007 3493 1167 3578 placatae,
