2476 3848
483 169 720 235 -383-

93 329 269 414 putabant,
290 329 395 412 isque,
422 329 478 412 qui
500 328 562 393 hoc
584 328 746 412 Diagorae
770 325 865 407 dixit,
888 351 1097 416 permagnum

94 418 282 481 existimans
318 417 378 480 tris
410 416 650 499 Olympionicas
687 439 752 481 una
789 439 806 482 e
841 417 936 483 domo
970 419 1098 502 prodire

94 505 238 570 cunctari
256 505 349 568 illum
368 504 486 568 diutius
500 505 534 568 in
552 504 621 569 vita
638 504 786 570 fortunae
805 506 966 571 obiectum
984 507 1097 570 inutile

93 595 232 677 putabat
262 593 335 676 ipsi.
388 592 459 677 Ego
493 595 600 657 autem
632 593 693 656 tibi
725 593 865 677 quidem,
901 593 986 679 quod
1019 596 1097 658 satis

94 685 192 764 esset,
224 681 335 764 paucis
362 681 484 762 verbis,
515 683 551 744 ut
576 681 656 744 mihi
689 680 833 765 videbar,
862 683 1098 765 responderam.

94 768 307 834 Concesseras
331 768 415 832 enim
433 768 523 833 nullo
546 768 581 832 in
600 769 685 833 malo
704 773 847 834 mortuos
871 791 953 852 esse,
976 770 1033 834 sed
1056 771 1097 835 ob

80 880 165 945 eam
184 879 313 922 causam
333 857 495 940 contendi,
517 861 554 920 ut
571 856 665 939 plura
682 856 833 940 dicerem,
855 858 940 942 quod
962 858 997 922 in
1014 858 1098 922 desi-

94 946 182 1009 derio
207 948 240 1008 et
261 945 351 1009 luctu
373 945 453 1009 haec
476 948 526 1008 est
548 944 725 1009 consolatio
748 946 897 1010 maxima.
941 945 1098 1011 Nostrum

94 1034 179 1097 enim
198 1035 230 1095 et
247 1036 360 1096 nostra
379 1053 475 1096 causa
495 1036 679 1115 susceptum
702 1033 843 1099 dolorem
867 1033 991 1098 modice
1013 1034 1098 1099 ferre

94 1122 260 1203 debemus,
282 1141 322 1183 ne
345 1124 474 1184 nosmet
496 1121 586 1203 ipsos
610 1142 717 1184 amare
739 1121 912 1186 videamur.
963 1121 1025 1186 Illa
1048 1145 1098 1186 su·

95 1209 195 1292 spicio
225 1208 424 1272 intolerabili
460 1208 570 1272 dolore
605 1209 740 1292 cruciat,
772 1209 801 1272 si
832 1209 1004 1293 opinamur
1035 1232 1098 1294 000,

95 1297 210 1381 quibus
244 1296 351 1361 orbati
383 1317 505 1379 sumus,
535 1316 604 1359 0000
632 1317 704 1360 cum
736 1296 843 1380 aliquo
872 1318 966 1362 sensu
994 1299 1029 1361 in
1057 1299 1098 1361 iis

96 1385 202 1466 malis,
224 1384 340 1467 quibus
358 1383 456 1467 volgo
480 1384 661 1466 opinantur.
697 1381 791 1448 Hanc
810 1388 955 1448 excutere
974 1386 1098 1468 opinio-

93 1495 168 1536 nem
181 1472 329 1536 mihimet
347 1471 435 1536 volui
452 1471 607 1536 radicitus
625 1492 725 1555 eoque
742 1471 790 1535 fui
808 1473 946 1536 fortasse
960 1473 1098 1556 longior.
1106 1524 1149 1586 47

160 1560 200 1623 A.
227 1560 275 1625 'lu
289 1558 438 1644 longior?
450 1581 515 1623 non
530 1558 610 1623 mihi
623 1559 761 1643 quidem.
794 1559 889 1622 Prior
902 1560 985 1623 enim
999 1582 1075 1642 pars
1100 1602 1151 1649 112

95 1648 250 1712 orationis
277 1652 351 1712 tuae
380 1647 534 1730 faciebat,
561 1651 598 1710 ut
625 1647 707 1710 mori
740 1668 899 1730 cuperem,
931 1650 1098 1731 posterior,

94 1741 131 1801 ut
161 1736 256 1800 modo
287 1758 354 1801 non
384 1735 518 1817 nollem,
549 1734 644 1799 modo
677 1755 743 1798 11011
779 1735 974 1817 laborarem3
1009 1737 1098 1799 omni

95 1827 203 1889 autem
226 1825 370 1889 oratione
393 1823 472 1888 illud
496 1826 582 1888 certe
611 1822 788 1906 perlectum
812 1828 874 1906 est,
902 1827 938 1887 ut
960 1827 1098 1887 mortem

93 1935 159 1977 11011
182 1913 328 1976 ducerem
353 1913 387 1976 in
410 1912 511 1976 malis.

159 2006 204 2064 M.
227 1998 313 2064 Num
332 2000 433 2084 igitur
451 2000 550 2064 etiam
568 1999 733 2064 rhetorum
752 1999 915 2084 epilogum
938 2000 1098 2063 desidera·

96 2086 189 2149 mus?
213 2108 254 2149 an
277 2088 359 2151 hano
381 2088 447 2151 iam
470 2091 572 2151 artem
595 2087 691 2170 plane
714 2086 945 2171 relinquimus?
1078 2169 1080 2172 y

161 2172 201 2236 A.
228 2173 275 2236 Tu
308 2195 383 2238 1010
414 2175 513 2238 istam
543 2196 584 2239 ne
622 2175 804 2259 reliqueris,
841 2198 936 2260 quam
974 2199 1100 2261 semper

96 2261 232 2341 ornasti,
256 2264 288 2323 et
310 2260 440 2343 quidem
458 2263 540 2345 iure3
563 2262 622 2325 illa
644 2264 729 2326 0111111
752 2266 798 2346 10,
821 2285 932 2328 verum
957 2265 985 2329 si
1008 2265 1099 2348 loqui

96 2347 255 2428 volumus,
283 2352 461 2412 ornaverat.
511 2347 574 2413 Sed
602 2349 732 2433 quinam
760 2354 811 2414 est
839 2351 901 2415 iste
931 2353 1098 2435 epilogus?

96 2457 175 2500 aveo
199 2435 283 2499 enim
307 2433 430 2517 audire,
455 2436 605 2519 quicquid
628 2439 685 2500 est.

161 2528 206 2587 M.
228 2523 370 2587 Deorum
388 2523 619 2588 immortalium
641 2523 761 2587 iudicia
779 2525 885 2589 solent
902 2527 937 2589 in
955 2526 1075 2590 scholis
1099 2544 1150 2592 113

94 2613 238 2696 proferre
258 2612 295 2676 de
314 2614 431 2695 morte,
453 2632 512 2676 nec
530 2632 606 2675 vero
625 2633 663 2674 ea
685 2612 806 2696 fingere
825 2613 902 2695 ipsi,
925 2613 979 2676 sed
997 2612 1098 2677 Hero·

95 2700 171 2764 doto
190 2705 318 2765 auctore
342 2699 477 2784 aliisque
499 2699 654 2783 pluribus.
690 2698 833 2763 Primum
852 2700 971 2783 Argiae
995 2722 1098 2764 sacer·

96 2787 181 2852 dotis
201 2785 330 2852 Cleobis
354 2790 387 2852 et
404 2787 504 2852 Biton
526 2787 587 2850 filii
609 2786 844 2870 praedicantur.
880 2786 969 2852 Nota
986 2787 1098 2852 fabula

96 2879 154 2937 est.
198 2873 279 2939 011111
308 2876 391 2939 0111111
417 2876 508 2939 illam
537 2877 578 2939 ad
606 2875 759 2939 sollemne
791 2880 824 2939 et
852 2879 971 2939 statum
1001 2877 1097 2940 sacri·

95 2961 202 3024 ficium
226 2984 319 3026 curru
341 2963 415 3027 vehi
442 2964 491 3028 ius
515 2967 600 3028 esset
623 2963 703 3027 satis
726 2963 822 3048 longe
849 2963 889 3028 ab
913 2964 1030 3047 oppido
1055 2965 1095 3029 ad

94 3049 218 3132 fanum,
240 3055 505 3135 morarenturque
527 3052 682 3133 iumenta,
705 3055 775 3115 tum
797 3052 928 3116 iuvenes
951 3053 989 3136 ii,
1016 3073 1097 3136 quos

95 3137 190 3201 modo
208 3138 381 3220 nominavi,
398 3142 489 3203 veste
502 3140 611 3222 posita
628 3160 763 3222 corpora
782 3140 852 3204 oleo
871 3145 1097 3223 perunxerunt,

95 3227 136 3289 ad
159 3226 270 3310 iugum
288 3230 498 3291 accesserunt.
534 3226 586 3291 Ita
604 3227 752 3292 sacerdos
771 3227 905 3293 advecta
924 3229 959 3292 in
975 3229 1096 3312 fanum,

95 3336 167 3378 cum
186 3336 297 3378 currus
317 3317 402 3378 esset
419 3314 532 3379 ductus
556 3315 684 3398 afiliis,
706 3320 874 3398 precatae
893 3316 953 3380 dea
971 3317 1097 3398 dicitur,

94 3407 131 3465 ut
153 3404 188 3467 id
208 3403 272 3467 illis
295 3402 430 3486 praemii
453 3403 545 3468 daret
564 3405 780 3488 propietate,
805 3404 890 3489 quod
913 3427 1096 3469 maxumum

93 3489 218 3555 homini
245 3491 315 3554 dari
341 3493 451 3573 posset
478 3513 498 3555 a
524 3492 597 3574 de03
625 3496 700 3576 post
728 3493 873 3576 epulatos
899 3515 970 3558 oum
992 3496 1096 3556 matre
