2476 3848
421 161 661 228 -338-

30 325 249 411 praeposteris
282 324 369 390 enim
399 323 522 389 utimur
551 323 694 388 consiliis
727 326 764 388 et
798 327 872 388 acta
900 323 1038 408 agimus,

32 414 118 498 quod
140 416 287 478 vetamur
309 416 418 479 vetere
440 410 620 496 proverbio.
656 409 743 475 Nam
765 410 925 495 implicati
948 412 1038 477 ultro

32 505 65 566 11
87 501 168 566 citro
191 501 243 566 vel
265 521 327 566 usu
349 499 500 564 diuturno
522 499 575 564 vel
598 498 698 563 etiam
719 498 834 564 officiis
852 503 985 583 repente
1003 499 1038 564 in

31 589 136 654 medio
169 609 264 654 cursu
296 587 455 653 amicitias
486 590 599 651 exorta
625 586 735 669 aliqua
767 586 943 653 offensione
976 587 1038 652 dis-

2 697 293 839 3rqupi1ndudtiam
315 762 421 848 magis
444 761 658 846 vituperanda
681 763 731 825 est
753 761 801 825 rei
823 761 962 825 maxime
985 782 1038 826 ne-

32 851 190 917 cessariae
222 853 315 915 tanta
345 850 478 916 incuria.
523 847 598 913 Una
629 853 680 914 est
711 848 797 912 enim
828 848 972 914 amicitia
1003 849 1039 913 in

30 940 127 1003 rebus
150 938 310 1020 humanis,
333 938 371 1001 de
393 937 483 1001 cuius
506 937 652 1001 utilitate
676 956 786 1000 omnes
805 956 869 1000 uno
889 957 945 1001 ore
964 957 1038 1002 con·

32 1026 185 1091 sentiunt.
217 1024 419 1108 Quamquam
435 1048 456 1089 a
478 1024 590 1089 multis
609 1023 713 1089 virtus
731 1023 804 1107 ipsa
819 1023 1037 1088 contemnitur

31 1117 64 1178 et
87 1112 265 1178 venditatio
293 1112 450 1196 quaedam
478 1116 575 1196 atque
602 1111 778 1178 ostentatio
809 1132 879 1176 esse
907 1111 1037 1196 dicitur3

30 1200 127 1265 multi
149 1200 279 1265 divitias
303 1199 491 1285 despiciunt,
515 1220 594 1283 quos
617 1219 720 1285 parvo
741 1201 911 1264 contentos
929 1200 1037 1265 tennis

30 1288 135 1353 victus
159 1288 328 1372 cultusque
351 1289 504 1371 delectat3
526 1288 664 1352 honores
685 1307 771 1369 vero,
795 1308 932 1370 quorum
950 1287 1037 1372 cupi·

31 1375 134 1441 ditate
157 1376 288 1460 quidam
309 1375 567 1459 inflammantur,
591 1397 688 1459 quam
707 1375 804 1439 multi
825 1375 874 1439 ita
896 1379 1037 1440 contem·

29 1466 126 1547 nunt,
157 1467 195 1528 ut
216 1464 299 1527 nihil
325 1464 467 1548 inanius,
495 1463 577 1527 nihil
605 1485 675 1529 esse
702 1462 807 1530 levius
836 1462 1035 1528 existiment!

30 1552 172 1635 itemque
195 1555 311 1635 cetera,
334 1574 416 1635 quae
439 1551 632 1635 quibusdam
654 1550 859 1616 admirabilia
876 1551 1035 1637 videntur,

30 1639 186 1724 permulti
209 1643 284 1703 sunt
307 1640 362 1722 qui
384 1662 443 1724 pro
465 1639 569 1704 nihilo
587 1643 718 1724 putent;
741 1640 780 1704 de
804 1639 947 1705 amicitia
969 1661 1036 1703 om-

30 1748 88 1791 nes
111 1726 151 1791 ad
173 1749 274 1791 unum
297 1726 382 1790 idem
406 1727 562 1810 sentiunt,
585 1726 677 1808 1111,
700 1727 755 1811 qui
778 1726 819 1792 ad
841 1748 908 1790 rem
931 1725 1035 1809 publi·

31 1836 102 1879 cam
125 1836 159 1878 se
178 1814 393 1896 contulerunt,
416 1817 449 1877 et
466 1813 499 1897 ii,
518 1813 574 1896 qui
591 1835 699 1879 rerum
716 1813 899 1900 cognitione
918 1811 1036 1876 doctri·

29 1923 135 1985 naque
159 1900 371 1982 delectantur,
399 1903 432 1964 et
453 1900 491 1984 ii,
520 1901 575 1984 qui
603 1923 695 1965 suum
721 1898 889 1986 negotium
917 1904 1035 1985 gerunt

31 1988 137 2072 otiosi,
159 1992 324 2072 postremo
347 1988 384 2070 ii,
412 1987 524 2070 quise
547 1991 636 2053 totos
663 1988 865 2054 tradiderrmt
887 1988 1035 2072 volupta-

30 2075 128 2157 tibus,
151 2075 218 2138 sine
243 2074 386 2139 amicitia
408 2075 510 2139 vitam
531 2097 601 2140 esse
618 2077 753 2160 nullam,
771 2077 800 2140 si
817 2076 913 2141 modo
931 2076 1036 2142 velint

32 2161 141 2245 aliqua
164 2165 317 2246 exparte
340 2162 519 2264 liberaliter
538 2163 655 2264 vivere,
691 2163 799 2249 Serpit
822 2164 909 2229 enim
926 2165 1035 2229 nescio

29 2249 575 2423 tttttlttttttttttt
593 2252 931 2423 {ttttttttlt
950 2255 1036 2415 tlt

30 2423 130 2489 etiarn
154 2425 182 2488 si
205 2425 276 2508 quis
299 2425 475 2510 asperitate
498 2449 536 2491 ea
559 2430 610 2491 est
628 2429 662 2491 11
678 2426 871 2492 inmanitate
888 2431 1034 2510 naturae,

30 2533 221 2598 congressus
244 2516 282 2576 ut
303 2513 471 2578 hominum
497 2514 605 2599 fugiat
632 2517 728 2598 atqua
756 2513 874 2597 oderit,
906 2516 1034 2598 qualem

29 2599 129 2666 fuisse
153 2600 290 2665 Athenis
313 2600 481 2666 Timonem
507 2602 615 2667 nescio
643 2623 738 2687 quem
766 2601 959 2686 accepimus,
986 2604 1034 2665 ta·

29 2710 104 2752 men
135 2687 163 2752 is
195 2688 265 2774 pati
295 2709 362 2752 non
387 2690 506 2774 possit,
537 2693 575 2753 ut
601 2710 668 2753 non
699 2689 851 2773 anquirat
882 2688 1034 2772 aliquem,

30 2775 115 2859 apud
139 2798 233 2859 quem
257 2780 385 2841 evomat
408 2777 496 2842 virus
521 2777 708 2842 acerbitatis
727 2799 812 2843 suae.
844 2776 953 2860 Atque
971 2777 1035 2842 hoo

30 2863 168 2928 maxime
191 2863 394 2948 iudicaretur,
417 2864 445 2928 si
469 2864 546 2949 quid
569 2865 635 2928 tale
653 2868 765 2949 posset
783 2865 980 2950 contingere,
997 2869 1035 2929 ut

30 2950 148 3035 aliquis
170 2973 230 3016 nos
254 2951 331 3016 deus
355 2973 393 3015 ex
414 2952 477 3017 hac
499 2952 667 3017 hominum
692 2953 877 3038 frequentia
904 2953 1036 3018 tolleret

30 3038 120 3101 etin
143 3039 316 3104 solitudine
338 3039 466 3123 uspiam
489 3041 664 3105 collocaret
686 3044 783 3125 atque
812 3041 861 3105 ibi
888 3041 1036 3126 suppedi-

29 3128 104 3189 tans
128 3127 271 3191 omnium
293 3149 410 3204 rerum,
433 3149 513 3211 quas
536 3131 655 3193 natura
678 3127 847 3213 desiderat,
871 3129 1036 3194 abundan-

29 3211 110 3276 tiam
133 3216 166 3277 et
189 3214 314 3298 copiam
332 3214 473 3280 hominis
492 3216 623 3281 omnino
642 3216 818 3301 aspiciendi
835 3219 1036 3301 potestatem

29 3299 176 3384 eriperet.
208 3299 286 3375 Quis
308 3306 378 3367 tam
401 3306 487 3367 esset
508 3303 642 3388 ferreus,
665 3304 721 3388 qui
738 3326 810 3369 eam
828 3305 932 3370 vitam
950 3303 1035 3370 ferre

28 3391 154 3472 posset,
181 3388 294 3473 cuique
316 3411 382 3455 non
406 3391 547 3457 auferret
572 3391 715 3458 fructum
736 3393 946 3477 voluptatum
969 3414 1036 3457 om-

27 3477 118 3543 nium
141 3476 304 3545 solitudo?
334 3477 456 3544 Verum
479 3500 557 3566 ergo
580 3480 664 3547 illud
685 3483 745 3566 est,
768 3480 854 3565 quod
880 3479 1035 3546 aTaren·
