2476 3848
550 168 791 232 -164-

162 341 195 403 et
221 337 328 402 iocum
349 336 429 402 facti
456 358 526 402 esse
548 335 727 419 videamur,
755 334 796 400 ad
824 335 1030 401 severitatem
1056 336 1169 421 potius

162 429 195 491 et
218 425 259 490 ad
282 425 438 508 quaedam
462 423 570 489 studia
594 422 745 508 graviora
773 427 869 507 atque
897 423 1030 489 maiora.
1075 423 1168 491 Ludo

162 517 270 579 autem
293 517 326 577 et
347 513 418 579 ioco
442 513 491 578 uti
513 513 571 577 illo
596 510 724 595 quidem
747 510 837 594 lieet,
867 511 923 576 sed
946 512 1029 577 sicut
1052 534 1168 579 somno

160 605 194 666 et
213 601 374 685 quietibus
393 601 509 665 ceteris
527 604 606 683 tum,
630 621 702 664 cum
722 599 876 685 gravibus
895 600 1051 684 seriisque
1070 601 1167 666 rebus

160 688 433 754 satisfecerimus.
465 687 639 772 Ipsumque
654 708 755 772 genus
769 686 897 752 iocandi
914 709 980 752 non
997 688 1168 773 profusum

159 799 217 842 nec
235 776 473 861 immodestum,
495 776 551 841 sed
568 776 744 861 ingenuum
763 779 796 840 et
812 775 954 840 facetum
972 797 1043 840 esse
1062 776 1169 842 debet.

159 865 206 930 Ut
229 865 315 929 enim
337 865 445 949 pueris
468 885 534 929 non
557 884 685 928 omnem
707 862 837 929 ludendi
860 863 1025 928 licentiam
1044 863 1168 950 damus,

161 952 216 1017 sed
239 975 320 1037 eam,
343 974 425 1036 quae
444 953 485 1017 ab
504 951 685 1016 honestatis
705 951 886 1017 actionibus
905 951 1033 1015 nonsit
1052 952 1168 1038 aliena,

161 1041 206 1105 sic
233 1040 268 1104 in
294 1040 366 1125 ipso
389 1040 460 1105 ioco
485 1039 616 1123 aliquod
638 1039 733 1124 probi
755 1039 878 1125 ingenii
900 1039 1010 1103 lumen
1033 1039 1168 1107 eluceat.

109 1141 159 1192 104
172 1128 302 1212 Duplex
329 1127 460 1193 omnino
488 1132 538 1192 est
564 1127 691 1192 iocandi
717 1148 832 1213 genus,
859 1149 959 1191 unum
986 1127 1167 1214 inliberale,

159 1217 320 1301 petulans,
339 1216 547 1301 flagitiosum,
566 1215 748 1298 obscenum,
762 1216 900 1280 alterum
914 1216 1055 1302 elegans,
1072 1217 1168 1282 urba-

158 1327 250 1389 num,
282 1304 499 1391 ingeniosum,
530 1303 679 1368 facetum.
729 1302 800 1378 Quo
828 1324 944 1389 genere
971 1326 1038 1369 non
1069 1307 1167 1371 modo

159 1392 295 1458 Plautus
321 1396 433 1458 noster
461 1397 493 1457 et
520 1393 705 1457 Atticorum
733 1390 867 1475 antiqua
899 1393 1077 1477 comoedia,
1110 1394 1169 1458 sed

160 1481 259 1546 etiam
286 1481 556 1565 philosophorum
579 1477 817 1544 Socraticorum
844 1478 922 1544 libri
943 1480 1057 1545 referti
1080 1485 1167 1566 sunt,

159 1570 326 1654 multaque
349 1571 526 1635 multorum
547 1569 651 1633 facete
675 1567 773 1651 dicta,
800 1571 837 1631 ut
861 1589 911 1650 ea,
942 1589 1023 1652 quae
1046 1589 1066 1632 a
1089 1589 1166 1633 sene

160 1656 282 1722 Catone
296 1657 433 1722 collecta
447 1660 530 1740 sunt,
545 1678 626 1740 quae
640 1659 758 1720 vocant
772 1650 1022 1739 ἀποφθέγματα.
1044 1654 1165 1721 Facilis

158 1746 260 1831 igitur
284 1749 334 1809 est
357 1745 521 1809 distinctio
544 1743 676 1828 ingenui
699 1746 732 1806 et
756 1743 936 1807 inliberalis
958 1743 1029 1809 ioci.
1069 1743 1167 1809 Alter

159 1836 223 1915 est,
251 1833 279 1896 si
301 1837 446 1917 tempore
473 1832 525 1915 fit,
552 1834 589 1894 ut
617 1831 645 1894 si
672 1830 808 1895 remisso
837 1831 958 1915 animo,
982 1833 1166 1914 pravissimo

158 1919 288 1985 homine
313 1919 439 2002 dignus,
461 1920 607 1984 alterne
629 1918 732 1982 libero
756 1918 893 2002 quidem,
918 1919 946 1983 si
968 1941 1075 1984 rerum
1098 1924 1166 1985 tur·

158 2006 299 2092 pitudini
313 2006 484 2071 adhibetur
497 2006 670 2072 verborum
684 2006 876 2071 obscenitas.
905 2006 1049 2072 Ludendi
1065 2008 1165 2074 etiam

160 2094 210 2159 est
233 2093 364 2177 quidam
387 2095 500 2161 modus
519 2094 714 2178 retinendus,
736 2096 830 2159 utne
848 2095 946 2160 nimis
965 2096 1074 2160 omnia
1091 2119 1165 2181 prc-

158 2181 330 2246 fundamus
354 2183 494 2267 elatique
516 2184 682 2268 voluptate
704 2183 739 2247 in
762 2183 905 2269 aliquam
929 2184 1165 2269 turpitudinem

160 2269 357 2335 delabamur.
403 2269 616 2356 Suppeditant
643 2275 752 2335 autem
779 2276 812 2336 et
840 2295 972 2357 campus
996 2275 1107 2337 noster
1130 2277 1165 2338 et

107 2416 150 2480 30
160 2356 268 2422 studia
289 2359 428 2424 venandi
450 2359 587 2424 honesta
610 2359 758 2442 exempla
780 2360 919 2425 ludendi.

108 2492 158 2543 105
226 2442 288 2510 Sed
306 2446 447 2531 pertinet
466 2446 506 2512 ad
525 2468 653 2512 omnem
672 2446 771 2511 officii
792 2449 1013 2531 quaestionem
1037 2469 1164 2533 semper

159 2534 194 2598 in
207 2538 361 2619 promptu
374 2534 503 2619 habere,
522 2538 680 2618 quantum
701 2539 819 2600 natura
832 2535 973 2600 hominis
986 2535 1163 2620 pecudibus

158 2623 355 2707 reliquisque
377 2623 481 2688 beluis
510 2622 691 2706 antecedat3
721 2622 798 2688 illae
819 2623 901 2687 nihil
930 2623 1074 2689 sentiunt
1099 2625 1165 2690 nisi

158 2712 361 2796 voluptatem
384 2711 425 2776 ad
443 2733 577 2794 eamque
594 2710 743 2774 feruntur
765 2711 852 2775 omni
870 2712 1003 2796 impetu,
1021 2712 1163 2778 hominis

159 2803 268 2864 autem
291 2820 382 2864 mens
405 2799 555 2864 discendo
578 2798 678 2863 alitur
701 2801 734 2862 et
757 2799 938 2884 cogitando,
962 2821 1088 2886 semper
1107 2801 1164 2866 ali-

159 2887 236 2969 quid
259 2891 315 2951 aut
338 2887 482 2970 anquirit
505 2890 561 2952 aut
584 2887 653 2972 agit
675 2886 867 2970 ridendique
890 2891 923 2952 et
944 2888 1093 2953 audiendi
1112 2888 1163 2953 de-

158 2973 331 3038 lectatione
354 2975 488 3040 ducitur.
534 2973 754 3058 Quinetiam,
782 2975 810 3039 11
833 2975 905 3059 quis
929 2980 979 3041 est
1001 2977 1098 3061 paulo
1122 2977 1165 3041 ad

158 3060 344 3143 voluptates
362 3063 561 3147 propensior,
580 3062 676 3127 modo
694 3084 736 3127 ne
755 3062 799 3127 sit
818 3085 855 3128 ex
869 3063 1027 3149 pecudum
1046 3085 1163 3149 genere

159 3144 249 3231 (sunt
272 3149 358 3214 enim
381 3149 511 3233 quidam
534 3150 681 3215 homines
703 3172 770 3215 non
792 3173 835 3236 re,
859 3153 915 3217 sed
932 3150 1084 3234 nomine),
1106 3151 1164 3214 sed

159 3235 187 3298 si
211 3235 282 3318 quis
302 3240 351 3301 est
369 3237 467 3322 paulo
486 3238 630 3322 erectior,
654 3239 802 3322 quamvis
821 3241 988 3323 voluptate
1006 3237 1163 3322 capiatur,

158 3323 300 3388 occultat
332 3328 365 3390 et
398 3325 581 3390 dissimulat
608 3327 790 3411 appetitum
816 3325 995 3409 voluptatis
1027 3328 1163 3410 propter

107 3425 156 3475 100
170 3411 402 3477 verecundiam.
437 3411 489 3478 Ex
507 3435 570 3496 quo
584 3413 788 3499 intellegitur
801 3412 944 3498 corporis
957 3412 1163 3498 voluptatem

63 3504 113 3630 Ι
156 3521 223 3564 non
250 3499 331 3565 satis
358 3521 428 3566 esse
456 3500 589 3586 dignam
615 3501 757 3567 hominis
783 3500 997 3587 praestantia,
1028 3523 1163 3589 eamque
