2476 3848
526 182 765 246 —428—

142 340 275 424 vulgata
298 344 385 423 sunt,
409 340 464 404 sed
486 340 588 403 multo
611 339 730 423 magis,
758 337 846 421 quia,
872 339 1038 420 tamquam
1060 336 1153 402 levia

143 428 300 513 quaedam
318 429 393 492 vina
410 427 493 492 nihil
516 426 677 491 valentin
695 447 789 509 aqua,
813 426 861 489 sic
878 422 1060 489 Stoicorum
1082 425 1153 490 ista
1221 448 1224 454 ·

143 516 259 667 att,
280 510 1052 684 distillastiilssltttlmlll
1073 511 1157 664 elle

143 691 251 754 stituit
277 694 351 754 ante
379 691 488 754 oculos
516 712 588 754 cum
616 688 816 772 amplissima
843 688 1013 770 dignitate,
1039 690 1078 750 ut
1108 689 1153 752 ad

143 800 198 843 eas
223 779 340 842 cursim
369 781 552 861 perrectura
573 798 633 841 nec
656 798 709 840 eas
735 777 831 841 beata
852 776 920 840 vita
943 798 962 839 a
985 797 1019 838 se
1042 775 1153 839 deser·

92 883 125 932 14
142 871 195 930 tas
227 888 360 950 passura
392 865 553 948 videatur3
592 886 664 928 cum
697 869 804 928 autem
836 863 979 928 animum
1011 863 1051 927 ab
1084 863 1154 928 ista

142 955 268 1038 pictura
294 952 553 1036 imaginibusque
575 953 731 1016 virtutum
761 951 802 1014 ad
824 972 893 1014 rem
916 951 1159 1035 veritatemque

142 1042 330 1124 traduxeris,
349 1041 410 1105 hoo
427 1040 548 1104 nudum
562 1040 763 1123 relinquitur,
781 1039 928 1122 possitne
947 1038 1018 1122 quis
1033 1039 1151 1103 beatus

143 1150 225 1211 esse,
253 1149 348 1211 quam
376 1129 430 1193 diu
452 1132 649 1212 torqueatur.
694 1127 952 1202 Quamobrem
977 1127 1038 1190 hoc
1060 1148 1152 1191 nunc

143 1236 347 1300 quaeramus,
371 1217 505 1281 virtutes
530 1221 638 1280 autem
659 1215 728 1278 noli
750 1217 852 1278 vereri
875 1236 915 1277 ne
941 1215 1153 1297 expostulent

142 1307 176 1368 et
203 1307 377 1387 querantur
404 1326 438 1368 se
462 1326 482 1368 a
507 1304 602 1368 beata
628 1304 697 1367 vita
724 1324 793 1366 esse
819 1303 958 1366 relictas.
1004 1300 1155 1367 sienim

142 1392 234 1456 nulla
252 1392 354 1455 virtus
376 1391 546 1474 prudentia
563 1394 670 1474 vacat,
692 1390 862 1474 prudentia
883 1391 954 1473 ipsa
971 1390 1033 1456 hoc
1051 1390 1157 1474 videt„

142 1502 208 1544 non
240 1480 346 1544 omnis
380 1480 481 1544 bonos
514 1500 583 1543 esse
616 1480 713 1543 etiam
746 1479 871 1561 beatos,
907 1479 1072 1561 multaque
1110 1479 1157 1543 de

143 1568 186 1631 M.
202 1567 313 1650 Atilio,
333 1566 368 1641 Q.
388 1565 556 1650 Caepione,
574 1566 625 1632 Μ’.
640 1567 772 1650 Aquilio
790 1565 985 1646 recordatur,
1003 1567 1151 1630 beatam·

143 1677 204 1739 quc
227 1656 339 1736 vitam,
363 1657 392 1719 si
414 1656 611 1739 imaginibus
629 1656 738 1738 potius
758 1655 806 1718 uti
829 1675 926 1738 quam
948 1655 1042 1718 rebus
1066 1655 1151 1737 ipsis

143 1744 260 1825 placet,
284 1747 454 1807 conantem
471 1745 517 1807 ire
536 1744 569 1806 in
588 1743 732 1807 eculeum
750 1743 868 1805 retinet
888 1743 958 1824 ipsa
976 1741 1152 1824 prudentia

142 1834 301 1913 negatque
333 1831 363 1895 ei
394 1853 467 1896 cum
498 1831 608 1894 dolore
641 1833 673 1894 et
703 1830 847 1894 cruciatu
875 1831 1046 1913 quicquam
1077 1851 1152 1895 essa

144 1939 319 1982 commune.

98 1991 118 2053 6
209 2010 255 2067 Μ.
277 2004 385 2068 Facile
406 2005 513 2086 patior
535 2008 568 2068 te
586 2007 650 2069 isto
669 2005 764 2069 modo
788 2026 899 2089 agere,
922 2004 984 2068 etsi
1001 2005 1153 2087 iniquum

93 2067 124 2115 ¹⁶
144 2095 194 2154 est
212 2092 427 2173 praescribere
446 2091 525 2154 mihi
543 2095 589 2175 te,
608 2114 703 2176 quem
723 2092 912 2157 admodum
933 2115 952 2156 a
970 2113 1020 2154 me
1039 2092 1152 2176 dispu-

142 2179 207 2241 tari
234 2178 322 2242 velis.
368 2176 430 2242 Sed
454 2200 584 2262 quaero,
612 2185 721 2244 utrum
745 2181 864 2263 aliquid
895 2186 1002 2245 actum
1027 2181 1153 2263 superi·

144 2266 251 2329 oribus
274 2266 386 2330 diebus
409 2288 450 2330 an
474 2267 556 2330 nihil
579 2268 780 2333 arbitremur.

209 2354 249 2417 A.
276 2353 394 2418 Actum
417 2376 507 2438 vero,
530 2358 562 2418 et
585 2356 784 2440 aliquantum
807 2356 942 2439 quidem.
1146 2412 1150 2423 .

209 2448 254 2505 M.
277 2442 389 2526 Atqui,
413 2443 441 2506 si
463 2443 510 2507 ita
528 2445 591 2525 cst,
614 2445 787 2529 profligata
805 2445 870 2508 iam
892 2443 969 2507 haec
988 2446 1021 2507 et
1043 2464 1153 2526 paene

144 2530 184 2593 ad
208 2531 328 2593 exitum
352 2531 488 2595 adducta
511 2533 657 2614 quaestio
682 2538 739 2596 est

209 2618 250 2682 A.
278 2618 347 2693 Quo
370 2618 500 2681 tandem
524 2619 642 2684 modo?

209 2712 254 2768 M.
278 2705 360 2780 Quia
374 2708 480 2770 motus
499 2707 678 2771 turbulenti
696 2708 952 2790 iactationesque
968 2708 1153 2774 animorum

143 2793 295 2857 incitatae
337 2796 369 2856 et
410 2793 532 2876 impetu
575 2795 812 2858 inconsiderato
850 2795 952 2858 elatae
988 2796 1154 2861 rationem

144 2901 271 2945 omnem
294 2881 485 2963 repellentes
509 2883 594 2944 vitae
618 2883 730 2946 beatae
752 2883 875 2946 nullam
903 2886 1029 2964 partem
1052 2884 1154 2948 relin-

144 2972 255 3050 quunt.
304 2966 383 3043 Quis
412 2969 497 3032 enirn
524 2973 633 3052 potest
660 2973 797 3034 mortem
825 2973 881 3033 aut
908 2969 1051 3034 dolorem
1082 2993 1154 3035 me-

143 3058 250 3135 tuem,
278 3077 413 3137 quorum
442 3058 579 3120 alterum
608 3077 702 3139 saepe
729 3057 832 3138 adest,
863 3057 1000 3121 alterum
1024 3079 1155 3142 semper

143 3142 302 3223 inpendet
323 3164 476 3208 essenon
495 3144 613 3208 miser?
641 3142 732 3228 Quid,
752 3146 779 3208 si
797 3146 891 3228 idem,
910 3146 995 3228 quod
1012 3146 1152 3228 plerum-

144 3250 204 3310 que
226 3229 277 3311 fit,
299 3234 534 3313 paupertatem,
557 3232 783 3316 ignominiam,
805 3233 972 3298 infamiam
995 3233 1099 3311 timet,
1123 3236 1155 3301 si

145 3316 359 3394 debilitatem,
383 3321 584 3400 caecitatem,
608 3320 636 3383 si
655 3321 803 3404 denique,
826 3321 911 3404 quod
928 3343 994 3385 non
1012 3321 1152 3405 singulis

143 3403 343 3487 hominibus,
366 3405 421 3467 sed
439 3407 626 3488 potentibus
649 3408 776 3490 populis
796 3430 890 3492 saepe
909 3409 1060 3492 contigit,
1084 3431 1153 3473 aer·

72 3478 302 3630 'tutem
320 3495 429 3575 potest
443 3515 480 3557 ea
494 3495 610 3558 timens
625 3517 694 3559 esse
713 3496 882 3581 quisquam
896 3495 1032 3560 beatus?
1056 3494 1160 3584 Quid,
