2476 3848
541 171 781 237 ..508-

158 333 291 420 frugum
317 337 351 399 et
375 331 552 415 fructuum,
584 352 711 397 omnem
739 331 874 416 denique
897 332 1165 399 commoditatem

159 421 472 508 prosperitatemque
486 420 572 485 vitae
587 443 606 484 a
620 420 668 484 dis
683 441 718 484 se
730 418 864 504 habere3
882 419 1036 484 virtutem
1050 425 1165 488 autem

61 543 67 554 ·
107 520 141 571 8⁷
159 531 253 575 nemo
272 531 426 594 umquam
444 511 608 593 acceptam
627 508 686 572 deo
703 508 840 572 rettulit.
879 506 1042 573 Nimirum
1060 513 1166 594 recte;

160 601 294 683 propter
308 599 462 663 virtutem
477 597 562 660 enim
575 596 644 660 iura
658 595 827 661 laudamur
841 599 874 661 et
886 595 921 660 in
934 596 1055 661 virtute
1072 602 1165 664 recte

161 686 352 772 gloriamur3
376 684 460 769 quod
482 703 548 748 non
570 683 779 769 contingeret,
802 683 831 748 si
852 683 886 747 id
909 684 1027 749 donum
1050 687 1164 766 adeo,

159 794 226 837 non
248 794 267 837 a
288 772 383 836 nobis
405 770 606 835 haberemus.
641 771 688 835 At
709 792 785 836 vero
804 774 861 836 aut
878 771 1055 837 honoribus
1074 774 1165 839 aucti

161 864 218 925 aut
247 882 282 925 re
310 859 477 941 familiari,
506 861 563 922 aut
590 857 618 922 si
641 859 729 923 aliud
752 859 917 944 quippiam
938 861 1027 925 nacti
1050 882 1165 926 sumus

159 946 289 1013 fortuiti
311 947 388 1011 boni
411 949 468 1010 aut
486 946 666 1030 depulimus
684 947 773 1030 mali,
794 949 865 1011 tum
885 947 933 1010 dis
952 947 1076 1034 gratias
1094 950 1165 1035 agi-

160 1057 241 1119 mus,
263 1039 334 1098 tum
355 1034 439 1098 nihil
460 1038 592 1098 nostrae
614 1034 703 1098 laudi
726 1034 933 1119 adsumptum
956 1036 1165 1103 arbitramur.

160 1123 248 1188 Num
272 1121 352 1206 quia,
375 1121 461 1205 quod
482 1122 586 1186 bonus
609 1121 659 1186 vir
682 1125 776 1206 esset,
799 1122 921 1208 gratias
941 1123 990 1187 dis
1009 1124 1077 1209 egit
1093 1148 1164 1190 um-

162 1211 281 1295 quam?
310 1213 345 1275 at
373 1210 457 1294 quod
485 1210 586 1294 dives,
614 1209 701 1292 quod
721 1209 912 1294 honoratus,
935 1213 1021 1295 quod
1042 1213 1164 1278 incolu-

161 1300 232 1363 mis.
276 1296 450 1383 Iovemque
482 1301 651 1382 optumum
683 1300 715 1362 et
746 1320 932 1363 maxumum
958 1299 1000 1364 ob
1028 1320 1082 1364 eas
1109 1322 1165 1366 res

162 1386 337 1471 appellant,
359 1404 425 1450 non
448 1385 534 1469 quod
555 1405 615 1450 nos
632 1386 747 1470 iustoS,
768 1389 977 1471 temperatos,
999 1388 1164 1472 sapientes

162 1474 291 1557 efficiat,
310 1474 366 1537 sed
380 1474 466 1556 quod
479 1474 597 1557 salvos,
614 1472 794 1557 incolumia,
812 1474 991 1559 opulentos,
1004 1476 1164 1559 copiosos.

109 1574 143 1626 88
161 1560 274 1646 Neque
295 1561 429 1626 Herculi
451 1561 621 1646 quisquam
644 1561 809 1626 decumam
831 1562 923 1627 vovit
944 1584 1111 1648 umquam,
1134 1565 1165 1629 si

162 1650 290 1735 sapiens
314 1650 420 1715 factus
444 1652 537 1714 esset.
582 1648 783 1733 Quamquam
805 1648 1010 1736 Pythagoras
1033 1673 1106 1717 cum
1127 1652 1166 1717 in

162 1737 340 1824 geometria
363 1734 515 1821 quiddam
536 1735 614 1801 novi
634 1737 821 1821 inuenisset,
843 1735 944 1802 Musis
967 1738 1081 1804 bovem
1102 1739 1165 1805 im·

161 1826 302 1890 molasse
330 1825 458 1908 dicitur3
491 1824 547 1889 sed
572 1825 606 1888 id
633 1825 762 1907 quidem
783 1846 849 1890 non
871 1827 979 1910 credo,
1009 1827 1165 1910 quoniam

161 1914 218 1978 ille
244 1933 285 1977 ne
308 1911 454 1997 Apollini
481 1912 609 1995 quidem
631 1912 726 1976 Delio
753 1913 895 1978 hostiam
917 1914 1086 1980 immolare
1107 1937 1165 1982 vo·

162 2002 233 2084 luit,
255 2023 295 2064 ne
318 2021 409 2064 aram
432 2000 587 2087 sanguine
611 2003 806 2085 aspergeret.
842 2000 894 2065 Ad
911 2023 980 2066 rem
998 2006 1107 2066 autem
1125 2007 1165 2068 ut

161 2089 299 2170 redeam,
316 2086 469 2151 iudicium
487 2088 549 2151 hoc
563 2087 706 2151 omnium
720 2089 907 2153 mortalium
921 2093 980 2174 est,
996 2088 1164 2156 fortunam

163 2199 182 2240 a
205 2175 263 2238 deo
282 2174 462 2258 petendam,
485 2195 557 2239 ase
574 2174 646 2259 ipso
665 2176 853 2240 sumendam
872 2198 941 2242 esse
960 2178 1163 2262 sapientiam.

163 2262 315 2338 Quamvis
342 2262 418 2328 lieet
440 2260 542 2327 Menti
565 2261 698 2327 delubra
720 2267 754 2327 et
775 2262 900 2329 Virtuti
922 2268 956 2329 et
977 2264 1068 2330 Fidei
1090 2288 1166 2333 con-

163 2371 336 2434 secremus,
367 2353 478 2415 tamen
507 2351 587 2416 haec
617 2351 653 2415 in
682 2351 777 2416 nobis
803 2352 884 2437 ipsis
913 2354 977 2418 sita
1003 2354 1165 2440 videmus,

163 2436 247 2525 Spei,
269 2436 400 2522 Salutis,
422 2437 510 2524 Opis,
532 2438 696 2505 Victoriae
717 2438 856 2505 facultas
880 2442 966 2506 adis
985 2443 1165 2527 expetenda

163 2530 221 2591 est.
260 2526 476 2611 inproborum
498 2527 599 2612 igitur
620 2528 854 2611 prosperitates
873 2530 1091 2614 secundaeque
1109 2552 1164 2596 res

162 2614 369 2700 redarguunt,
391 2617 429 2677 ut
446 2613 607 2699 Diogenes
632 2614 767 2699 dicebat,
790 2616 855 2679 vim
879 2638 1006 2681 omnem
1029 2617 1164 2683 deorum

109 2673 151 2799 ἓξ
163 2725 199 2767 ac
225 2705 431 2787 potestatem.
480 2702 526 2765 At
551 2722 618 2766 non
642 2723 819 2786 numquam
845 2704 947 2769 bonos
975 2705 1079 2769 exitus
1105 2704 1163 2770 ha-

162 2791 240 2855 bent
258 2789 343 2854 boni.
379 2789 446 2856 Eos
465 2789 593 2873 quidem
612 2789 783 2873 arripimus
803 2791 1073 2876 attribuimuaque
1091 2793 1162 2858 sine

162 2878 231 2942 ulla
256 2877 381 2942 ratione
409 2877 457 2941 dis
479 2877 716 2942 inmortalibus.
760 2878 807 2942 At
828 2879 988 2964 Diagoras
1011 2901 1084 2945 eum
1107 2878 1164 2946 Sa-

162 2965 362 3030 mothracam
389 2965 544 3048 venisset,
573 2960 676 3042 ἄθεος
696 2965 752 3031 ille
776 2967 831 3050 qui
853 2966 981 3051 dicitur,
1012 2971 1109 3053 atque
1132 2969 1164 3034 ei

164 3053 294 3135 quidam
321 3053 442 3125 amicus
466 3051 547 3136 Ἥ,
576 3053 640 3136 qui
667 3052 755 3117 deos
777 3057 891 3138 putas
914 3052 1079 3121 humana
1099 3077 1164 3121 ne·

164 3139 331 3224 glegere,
365 3161 489 3205 nonne
525 3140 802 3206 animadvertis
838 3163 881 3207 ex
916 3146 976 3209 tot
1011 3144 1162 3209 tabulis

163 3225 294 3308 pictis,
318 3249 428 3310 quam
450 3228 563 3292 multi
585 3228 687 3294 votis
706 3228 781 3294 vim
799 3231 1046 3316 tempestatis
1065 3231 1164 3296 effu-

164 3312 294 3397 gerint
320 3314 359 3377 in
385 3319 613 3400 portumque
636 3316 737 3381 salvi
759 3317 1056 3401 pervenerintt',
1085 3317 1166 3384 ‘Ita

162 3399 237 3485 fit',
264 3401 383 3486 inquit3
413 3401 492 3466 ‘illi
519 3403 615 3468 enim
644 3425 830 3488 nusquam
852 3404 949 3489 picti
972 3407 1074 3488 sunt,
1098 3406 1166 3489 qui

65 3432 370 3634 Rnaufragia
386 3489 563 3555 fecerunt
575 3491 615 3555 in
628 3491 800 3576 marique
812 3490 1032 3577 perierunt?
1059 3491 1167 3558 Idem-
