2476 3848
552 176 795 241 -226-

178 348 269 414 solus
295 350 390 412 esset.
433 345 608 431 Magnifica
632 366 711 410 vero
736 366 800 410 vor
831 348 866 409 et
895 365 1017 430 magno
1042 344 1114 408 viro
1147 367 1189 410 ac

179 436 324 520 sapiente
346 435 459 520 digna3
488 455 570 517 quae
593 432 738 497 declarat
757 432 854 496 illum
875 432 966 496 etin
987 431 1056 496 otio
1074 431 1114 496 de
1131 453 1189 497 ne-

179 523 279 610 gotiis
305 522 451 608 cogitare
478 525 511 585 et
537 521 572 584 in
599 520 774 585 solitudine
796 541 906 584 aecum
927 520 1019 603 loqui
1041 519 1189 605 solitum,

178 616 216 675 ut
232 632 336 695 neque
354 613 496 675 cessaret
512 630 667 692 umquam
684 612 718 672 et
734 607 897 672 interdum
914 607 1087 691 conloquio
1105 608 1188 672 alte

177 699 246 763 rius
272 720 338 763 non
364 701 483 783 egeret.
527 695 581 760 Ita
602 696 684 760 duae
710 717 776 778 res,
802 717 886 779 quae
911 695 1104 780 languorem
1132 697 1188 762 ad·

177 786 287 851 ferunt
304 785 429 868 ceteris,
451 784 546 848 illum
564 784 732 866 acuebant,
755 783 859 848 otium
876 786 911 847 et
928 783 1081 848 solitudo.
1109 782 1189 849 Vel·

178 873 244 937 lem
265 873 360 938 nobis
383 872 446 937 hoc
466 871 552 934 idem
574 893 649 935 vere
672 871 776 935 dicere
798 871 924 954 liceret3
947 871 1055 935 sedai
1077 871 1188 936 minus

178 960 360 1025 imitatione
375 963 501 1024 tantam
514 958 636 1044 ingenii
648 959 885 1043 praestantiam
902 959 1055 1042 consequi
1071 981 1188 1042 possu-

179 1069 261 1126 mus,
282 1048 451 1112 voluntate
473 1050 560 1111 certe
581 1046 727 1131 proxime
750 1047 943 1130 accedimus3
963 1068 1042 1111 nam
1059 1050 1094 1111 et
1111 1069 1133 1112 a
1150 1069 1188 1112 re

179 1135 310 1219 publica
330 1133 576 1218 forensibusque
593 1134 734 1220 negotiis
753 1134 853 1198 armis
870 1134 979 1218 impiis
996 1135 1094 1219 vique
1111 1157 1187 1218 pro

179 1222 278 1287 hibiti
299 1222 402 1287 otium
424 1221 648 1306 persequimur
669 1224 704 1286 et
726 1223 768 1287 ob
791 1244 864 1286 eam
886 1245 1017 1286 causam
1039 1223 1120 1286 urbe
1138 1245 1188 1288 re·

144 1329 162 1379 2
180 1310 259 1376 licta
280 1332 357 1374 rura
378 1313 591 1395 peragrantes
614 1331 710 1394 saepe
728 1310 791 1374 soli
808 1331 929 1374 sumus.
965 1307 1028 1374 Sed
1045 1332 1105 1375 nec
1122 1310 1187 1375 hoc

180 1398 283 1464 otium
310 1420 382 1463 cum
404 1397 551 1463 Africani
577 1397 646 1463 otio
672 1418 731 1462 nec
757 1397 837 1462 haec
864 1398 1007 1463 solitudo
1029 1420 1103 1463 cum
1126 1398 1187 1462 illa

179 1485 396 1569 comparanda
414 1488 472 1549 est.
507 1485 569 1550 Ille
589 1485 676 1550 euim
697 1485 900 1568 requiescens
923 1508 943 1550 a
964 1485 1013 1549 rei
1034 1486 1186 1569 publicae

178 1573 403 1659 pulcherrimis
426 1574 612 1637 muneribus
635 1573 739 1638 otium
762 1572 825 1636 sibi
842 1573 992 1637 sumebat
1010 1572 1185 1656 aliquando

180 1665 213 1726 et
236 1683 253 1726 e
276 1664 370 1726 coetu
387 1661 555 1725 hominum
572 1660 818 1743 frequentiaque
834 1659 998 1724 interdum
1015 1663 1185 1743 tamquam

179 1749 215 1812 in
226 1752 358 1833 portum
377 1768 411 1812 se
428 1748 464 1811 in
481 1748 688 1812 solitudinem
706 1747 892 1831 recipiebat,
909 1752 1059 1813 nostrum
1074 1750 1184 1813 autem

180 1837 283 1901 otium
304 1835 429 1919 negotii
450 1835 573 1919 inopia,
599 1856 666 1900 non
691 1835 912 1918 requiescendi
935 1836 1043 1902 studio
1066 1836 1184 1900 consti·

179 1926 288 1988 tutum
314 1927 373 1986 est.
418 1921 571 1987 Extincto
599 1922 685 1986 enim
711 1925 828 1988 senatu
854 1922 1031 2006 deletisque
1057 1923 1186 1988 iudiciis

181 2010 258 2094 quid
280 2011 331 2073 est
354 2009 440 2092 quod
462 2010 595 2095 dignum
616 2010 712 2074 nobis
735 2011 843 2075 autin
865 2011 955 2076 curia
976 2013 1034 2075 aut
1055 2010 1090 2075 in
1111 2011 1186 2078 foro

144 2117 161 2166 a
181 2118 277 2183 agere
295 2097 479 2180 possimus?
514 2096 576 2178 lta,
595 2097 651 2180 qui
667 2097 703 2160 in
720 2098 862 2163 maxima
879 2098 1069 2164 celebritate
1088 2104 1187 2184 atque

180 2184 216 2248 in
238 2183 340 2248 oculis
364 2183 481 2248 civium
509 2185 670 2267 quondam
696 2185 884 2269 vixerimus,
909 2209 995 2252 nunc
1020 2187 1186 2273 fugientes

181 2273 388 2356 conspectum
406 2271 643 2357 sceleratorum,
662 2273 779 2357 quibus
798 2273 907 2340 omnia
921 2274 1114 2359 redundant,
1131 2275 1187 2341 ab

180 2358 285 2424 dimus
307 2380 381 2442 noe,
405 2362 561 2443 quantum
584 2359 673 2445 licet,
696 2363 730 2425 et
752 2383 848 2446 saepe
870 2361 934 2428 soli
956 2382 1077 2429 sumus.
1122 2359 1187 2427 Sed

181 2446 257 2533 quia
280 2446 326 2511 sic
349 2447 390 2511 ab
417 2447 602 2512 hominibus
630 2448 734 2514 doctis
762 2449 956 2535 accepimus,
983 2471 1051 2515 non
1078 2450 1187 2516 solum

180 2556 219 2600 ex
245 2534 340 2600 malis
368 2534 487 2622 eligere
515 2535 650 2600 minima
676 2540 838 2621 oportere,
870 2537 927 2604 sed
954 2538 1053 2603 etiam
1081 2560 1187 2604 excer-

179 2645 256 2709 pere
278 2645 318 2687 ex
339 2622 391 2687 his
413 2622 507 2707 ipsis,
535 2623 563 2687 si
591 2623 668 2706 quid
689 2624 810 2689 inesset
835 2623 925 2702 boni,
954 2629 1130 2710 propterea
1153 2629 1187 2690 et

181 2711 248 2776 otio
266 2711 366 2795 fruor,
388 2732 455 2776 non
471 2710 530 2775 illo
549 2711 688 2794 quidem,
710 2733 773 2795 quo
793 2711 987 2798 debebatis,
1010 2715 1067 2797 qui
1085 2736 1186 2798 quon·

181 2798 256 2862 dam
282 2797 462 2882 peperisset
489 2798 592 2864 otium
619 2798 757 2881 civitati,
787 2821 846 2866 uec
875 2821 948 2865 eam
974 2802 1187 2867 solitudinem

180 2884 334 2970 languere
344 2885 474 3046 ἄαὴἰοτ,
498 2907 595 2969 quam
617 2886 699 2950 mihi
717 2886 822 2951 adfert
838 2888 1025 2975 necessitas,
1047 2911 1114 2955 non
1131 2911 1187 2955 vo-

143 2971 298 3036 aluntas.
373 2994 546 3056 uamquam
573 2972 746 3039 Africanus
773 2975 930 3042 maiorem
956 2978 1086 3043 laudem
1112 2999 1187 3044 meo

179 3058 298 3123 iudicio
323 3061 562 3142 assequebatur.
597 3059 699 3127 Nulla
722 3063 808 3128 enim
831 3064 899 3128 eius
927 3065 1051 3152 ingenii
1073 3085 1187 3130 monu-

180 3148 292 3211 menta
309 3146 463 3211 mandata
480 3147 609 3233 litteris,
630 3151 757 3215 nullum
776 3172 857 3235 opus
876 3152 944 3236 otii,
965 3154 1092 3217 nullum
1111 3152 1188 3218 soli·

92 3234 123 3405 q
181 3232 303 3298 tudinis
332 3254 447 3298 munus
476 3238 595 3320 exstat3
626 3259 665 3301 ex
697 3259 760 3321 quo
791 3239 942 3325 intellegi
968 3240 1064 3305 debet
1089 3240 1187 3305 illum

181 3320 300 3388 mentis
320 3320 497 3407 agitatione
509 3323 824 3409 investigationeque
838 3346 950 3391 earum
967 3349 1084 3412 rerum,
1104 3349 1189 3412 quae

181 3409 356 3497 cogitando
380 3409 643 3495 consequebatur,
664 3433 723 3478 uec
745 3413 888 3478 otiosum
909 3436 969 3480 nec
992 3415 1098 3480 solum
1118 3437 1188 3482 um·

92 3521 279 3630 -qumn
292 3497 408 3584 fuisse,
424 3519 484 3563 uos
504 3500 621 3579 autem,
639 3500 695 3583 qui
711 3521 778 3566 uon
795 3504 925 3567 tautum
942 3501 1071 3568 roboris
1088 3502 1189 3569 hebe-
