2476 3848
542 165 783 231 -510-

154 325 264 392 venire
292 328 378 390 certe
405 325 515 410 potuit
542 327 575 389 et
599 344 790 388 conservare
818 325 908 389 urbis
936 328 1045 390 tantas
1074 330 1181 411 atque

101 413 246 499 asta11s3
279 436 336 479 vos
369 414 455 478 enim
487 413 551 497 ipsi
583 412 688 476 dicere
716 413 828 478 soletis
858 414 940 479 nihil
971 435 1055 498 esse,
1088 415 1182 500 quod

156 502 234 566 deus
259 502 385 567 efficere
407 524 474 566 non
496 501 615 587 possit,
645 504 677 565 et
705 500 833 585 quidem
863 503 933 567 sina
956 503 1068 567 labore
1093 503 1181 590 ullo;

153 594 192 655 ut
219 591 306 656 enim
332 591 502 656 hominum
530 589 676 654 membra
703 590 794 654 nulla
826 591 1034 681 contentione
1063 595 1180 656 mente

153 680 225 762 ipsa
249 702 286 745 ac
309 681 476 745 voluntate
500 683 701 762 moveantur,
724 679 770 743 sie
791 678 923 744 nurnine
946 680 1081 744 deorum
1106 703 1178 744 orn-

153 769 210 832 nia
236 768 330 852 fingi,
357 769 482 834 moveri
503 767 686 851 mutarique
713 789 822 851 posse.
865 766 979 852 Neque
1007 769 1040 833 id
1064 769 1178 834 dicitis

156 857 381 941 superstitiose
410 861 507 939 atque
532 856 676 937 aniliter,
706 856 761 920 sed
784 856 921 939 physica
944 857 1179 943 constantique

155 946 297 1030 ratione3
321 947 493 1010 materiam
517 946 603 1009 enim
625 966 742 1029 rerum,
766 966 806 1008 ex
826 966 890 1028 qua
910 949 942 1009 et
959 945 995 1009 in
1018 968 1081 1029 qua
1105 967 1179 1010 orn-

155 1034 210 1097 nia
234 1034 315 1116 sint,
342 1037 446 1099 totam
475 1055 545 1098 essa
574 1033 751 1098 flexibilem
776 1038 808 1098 et
835 1035 1114 1118 commutabilem,
1137 1038 1180 1099 ut

154 1121 238 1185 nihil
262 1122 320 1205 sit,
353 1123 438 1206 quod
465 1144 532 1187 non
555 1143 594 1186 ex
617 1143 656 1186 ea
679 1121 827 1206 quamvis
856 1122 965 1187 subito
987 1123 1068 1208 fingi
1096 1144 1176 1187 oon-

156 1210 304 1293 vcrtique
340 1212 459 1296 possit3
497 1211 565 1274 eius
603 1214 711 1274 autem
748 1209 918 1275 universae
949 1211 1107 1276 fictricem
1140 1215 1178 1276 et

157 1298 402 1364 moderatricem
421 1300 562 1364 divinam
585 1320 656 1363 esse
678 1299 929 1384 providentiam3
951 1299 1036 1365 hanc
1059 1301 1176 1384 igitur,

156 1409 359 1473 quocumque
386 1410 421 1453 se
448 1391 586 1469 moveat,
610 1388 736 1451 efficere
762 1409 873 1471 posse,
902 1388 1054 1473 quicquid
1081 1389 1175 1454 velit.

153 1475 268 1559 Itaque
297 1482 354 1542 aut
380 1478 499 1563 nescit,
530 1477 607 1560 quid
629 1476 749 1560 possit,
779 1479 836 1540 aut
862 1477 1010 1561 neglegit
1036 1498 1088 1541 res
1112 1477 1174 1541 hu-

153 1588 267 1630 manas
295 1569 366 1650 aut,
398 1567 475 1651 quid
503 1565 546 1629 sit
576 1565 751 1649 optimum,
781 1585 848 1629 non
879 1570 990 1648 potest
1019 1565 1174 1631 iudicare.

100 1669 135 1718 93
154 1652 231 1719 Non
245 1658 338 1719 curat
357 1655 504 1740 singulos
522 1653 681 1719 homines.
714 1652 790 1718 Non
809 1653 943 1736 mirum3
960 1675 1002 1718 ne
1021 1654 1173 1719 civitates

153 1742 293 1825 quidem;
317 1766 384 1808 non
406 1745 495 1809 modo
518 1764 581 1825 eas,
603 1763 645 1805 ne
663 1741 811 1805 nationes
835 1741 966 1826 quidem
988 1746 1022 1806 et
1044 1746 1170 1826 gentes.

153 1829 277 1906 Quodsi
304 1832 364 1897 has
393 1832 492 1897 etiam
520 1834 718 1913 contemnet,
748 1829 826 1915 quid
857 1831 974 1894 mirum
997 1835 1048 1896 est
1071 1853 1170 1896 omne

153 1920 194 1983 ab
223 1942 261 1985 ea
288 1941 389 2005 genus
416 1921 595 1985 humanum
621 1940 692 1982 esse
719 1918 965 2003 contemptum?
1011 1919 1074 1984 Sed
1105 1942 1171 2004 quo

153 2008 249 2073 modo
276 2009 375 2073 iidem
404 2008 511 2073 dicitis
538 2029 604 2071 non
632 2007 742 2070 omnia
771 2007 848 2071 deos
876 2009 1041 2092 persequi,
1068 2007 1170 2073 iidem

152 2097 251 2160 voltis
274 2118 294 2159 a
316 2097 365 2160 dis
392 2095 621 2160 inmortalibus
649 2094 835 2160 hominibus
867 2096 1031 2179 dispertiri
1055 2118 1093 2161 ac
1123 2097 1170 2161 di-

153 2184 219 2247 vidi
243 2183 390 2247 somnia?
435 2184 560 2249 Idcirco
584 2184 664 2248 haec
687 2186 805 2268 tecum,
829 2184 904 2267 quia
923 2187 1031 2249 vestra
1054 2189 1104 2249 est
1129 2186 1169 2250 de

154 2271 352 2336 somniorum
370 2273 508 2338 veritate
527 2272 698 2338 sententia.
730 2273 838 2356 Atque
856 2273 954 2337 iidem
973 2275 1071 2337 etiam
1090 2277 1171 2339 vota

154 2359 275 2444 suscipi
298 2361 403 2426 dicitis
428 2367 586 2445 oportere.
632 2360 756 2442 Nempe
779 2361 901 2446 singuli
923 2368 1052 2446 vovent,
1075 2362 1170 2428 audit

152 2449 253 2533 igitur
278 2472 370 2514 mens
403 2450 513 2516 divina
545 2450 644 2515 etiam
672 2450 710 2513 de
738 2448 885 2533 singulis.
932 2449 1058 2515 Videtis
1087 2471 1167 2534 ergo

150 2558 217 2602 non
241 2560 311 2603 esse
334 2561 405 2603 eam
427 2543 496 2603 tam
520 2543 720 2622 occupatam,
743 2559 840 2621 quarn
864 2539 1054 2621 putabatis?
1100 2538 1169 2604 Fac

152 2648 221 2692 esse
254 2628 443 2710 distentam,
475 2627 599 2693 caelum
631 2633 829 2710 versantem,
860 2630 981 2692 terram
1011 2630 1169 2707 tuentem,

151 2716 254 2780 maria
276 2717 511 2800 moderantem;
539 2737 596 2780 cur
618 2718 687 2779 tam
711 2715 831 2780 multos
856 2715 932 2779 deos
959 2715 1043 2779 nihil
1067 2735 1166 2801 agere

152 2809 184 2867 et
212 2826 339 2869 cessare
372 2804 517 2889 patitur?
549 2826 606 2868 cur
631 2826 698 2868 non
728 2803 824 2867 rebus
854 2804 1007 2868 humanis
1036 2804 1167 2889 aliquos

152 2892 275 2957 otiosos
299 2894 375 2959 deos
398 2892 561 2977 praeficit,
584 2893 639 2975 qui
663 2915 682 2956 a
705 2896 751 2976 te,
776 2891 891 2974 Bolbe,
913 2893 1168 2958 innumerabiles

152 2982 306 3064 explicati
324 2983 422 3047 sunt?
458 2981 548 3046 Haec
566 2980 632 3044 fere
652 2981 757 3044 dicere
779 2980 880 3045 habui
899 2981 1075 3046 denatura
1093 2981 1167 3046 deo-

152 3090 233 3152 rum,
255 3092 322 3134 non
344 3074 381 3134 ut
400 3093 472 3135 eam
490 3071 648 3151 tollerem,
671 3069 726 3133 sed
745 3072 782 3132 ut
801 3069 1044 3153 intellegeretis,
1067 3091 1168 3154 quam

152 3162 237 3221 esset
261 3159 397 3224 obscura
420 3163 454 3223 ot
477 3180 573 3243 quam
597 3157 738 3221 difficilis
761 3157 938 3240 explicatus
961 3157 1107 3223 haberet.

554 3352 766 3362 ——--——-
