2476 3848
552 154 791 220 -232-

166 316 317 379 naturam
328 333 425 395 quam
435 332 531 394 mors,
546 332 643 394 quam
652 314 837 396 paupertas,
853 333 951 395 quam
960 311 1062 396 dolor,
1077 334 1177 397 quam

167 404 287 483 cetera,
315 421 397 485 quae
424 401 562 483 possunt
590 401 646 464 aut
673 399 801 482 corpori
828 399 970 464 accidere
998 403 1055 464 aut
1077 400 1176 467 rebus

168 489 316 554 externis.
361 485 449 551 Nam
475 486 634 571 principio
662 487 752 551 tollit
782 487 965 552 convictum
996 487 1177 555 humanum

168 582 201 642 et
224 576 422 641 societatem.
457 572 493 638 Si
515 575 600 638 enim
624 574 670 639 sic
693 575 812 638 erimus
836 575 963 658 adfecti,
985 579 1023 639 ut
1040 581 1177 660 propter

168 686 261 729 suum
289 663 425 746 quisque
452 663 703 727 emolumentum
732 662 851 746 spoliet
883 666 940 726 aut
966 662 1069 727 110111
1096 665 1177 728 alte·

167 775 249 834 rum,
272 750 430 833 disrumpi
451 771 581 815 necesse
604 754 668 832 est,
691 771 762 814 eam
788 771 869 835 quae
892 749 1031 814 maxime
1055 755 1105 815 est
1128 773 1176 817 se

114 857 148 906 aa
168 839 306 905 cundum
327 842 493 920 naturam,
514 838 648 901 humani
670 837 798 923 generis
821 837 1017 902 societatem.
1063 838 1124 923 Ut,
1147 840 1177 904 si

167 948 267 992 unum
294 925 442 1008 quodque
470 925 651 988 membrum
679 946 808 989 sensum
839 925 926 991 hunc
956 926 1106 1009 haberet,
1137 932 1176 992 ut

167 1035 263 1099 posse
290 1016 422 1097 putaret
450 1033 484 1075 se
511 1013 632 1095 valere,
665 1013 693 1076 si
721 1013 861 1096 proximi
887 1014 1025 1077 membri
1051 1015 1175 1080 valetu-

169 1102 276 1165 dinem
299 1099 340 1164 ad
363 1121 397 1163 se
420 1099 633 1183 traduxisset,
663 1100 828 1165 debilitari
855 1104 888 1164 et
910 1101 1043 1166 interire
1065 1105 1176 1167 totum

168 1211 285 1274 corpus
307 1208 437 1252 necesse
461 1192 555 1271 esset,
578 1188 633 1271 sic,
656 1188 685 1251 si
706 1209 789 1252 unus
813 1188 948 1272 quisque
965 1193 1115 1254 nostrum
1134 1191 1176 1256 ad

169 1298 203 1342 se
225 1275 334 1361 rapiat
355 1275 525 1341 commoda
547 1275 685 1340 aliorum
709 1276 930 1362 detrahatque,
953 1278 1039 1360 quod
1061 1278 1176 1362 cuique

168 1364 285 1449 possit,
313 1364 524 1428 emolumenti
552 1364 601 1427 sui
629 1364 750 1449 gratia,
779 1365 916 1429 societas
945 1365 1115 1431 hominum
1143 1371 1177 1431 et

169 1452 383 1518 communitas
407 1455 571 1516 evertatur
593 1473 724 1516 necesse
748 1455 807 1516 est.
843 1451 930 1517 Nam
948 1453 1011 1517 sibi
1034 1457 1070 1518 ut
1089 1454 1175 1537 quis-

169 1562 230 1625 que
253 1540 361 1622 malit,
379 1539 465 1623 quod
483 1541 524 1604 ad
542 1561 636 1604 usum
653 1539 740 1604 vitae
758 1540 934 1625 pertineat,
957 1563 1055 1625 quam
1078 1542 1175 1606 alteri

169 1628 353 1712 adquirere,
372 1649 559 1693 concessum
578 1630 628 1691 est
644 1649 710 1693 non
728 1632 929 1714 repugnante
947 1633 1074 1712 natura,
1092 1630 1175 1694 illud

168 1720 285 1781 natura
307 1737 373 1780 non
399 1715 534 1799 patitur,
556 1718 593 1779 ut
620 1715 759 1779 aliorum
787 1716 899 1800 spoliis
922 1721 1052 1781 nostras
1074 1717 1175 1783 facul-

115 1821 149 1870 23
168 1808 268 1887 11111,
291 1802 415 1887 copias,
438 1824 515 1886 opes
539 1824 724 1887 augeamus.
760 1801 873 1886 Neque
891 1826 967 1869 1110
986 1805 1049 1871 1101
1067 1807 1174 1871 solnm

168 1896 299 1974 natura,
321 1891 356 1953 id
378 1892 428 1953 est
450 1889 519 1953 iure
543 1889 702 1974 gentium,
726 1890 782 1954 sed
804 1891 903 1954 etiam
926 1893 1054 1978 legibus
1073 1915 1174 1978 popu·

168 1979 288 2060 lorum,
311 1976 427 2061 quibus
451 1977 486 2039 in
508 1976 646 2061 singulis
670 1977 856 2042 civitatibus
875 2001 927 2043 res
950 1981 1082 2064 publica
1100 2003 1174 2047 con-

168 2066 303 2148 tinetur,
336 2064 449 2128 eodem
476 2063 571 2128 modo
602 2065 815 2129 constitutum
842 2069 905 2149 est,
928 2072 1053 2132 utnon
1076 2070 1175 2135 liceat

169 2154 219 2217 sni
242 2152 403 2217 commodi
429 2173 527 2222 causa
552 2173 668 2216 nocere
696 2152 804 2235 alteri3
831 2153 893 2218 hoe
916 2155 1001 2219 enim
1024 2160 1174 2240 spectant

168 2241 271 2325 leges,
293 2239 356 2304 1101
377 2238 505 2322 volunt,
527 2239 721 2304 incolumem
745 2262 815 2305 esse
838 2241 956 2307 civium
978 2244 1174 2310 coniunctio·

167 2349 256 2410 nem3
283 2348 380 2410 quam
408 2327 464 2409 qui
490 2327 658 2411 dirimunt,
682 2349 737 2392 eos
761 2332 875 2412 morte,
898 2329 1025 2415 exsilio,
1048 2332 1174 2416 vinclis,

169 2415 286 2480 damno
310 2418 466 2480 00111111.

234 2504 343 2586 Atque
365 2502 428 2567 hoc
453 2504 557 2568 multo
581 2504 686 2590 magis
710 2504 811 2569 efficit
832 2504 905 2590 ipsa
922 2509 1059 2572 naturae
1078 2508 1174 2592 ratio,

169 2612 250 2675 quae
274 2594 324 2654 est
346 2591 398 2654 lex
422 2590 530 2655 divina
557 2594 590 2655 et
612 2592 767 2676 humana3
794 2593 846 2658 cui
872 2616 987 2678 parere
1015 2595 1070 2678 qui
1092 2597 1174 2662 velit

168 2679 294 2763 (omnes
314 2681 422 2743 autem
440 2678 614 2764 parebunt,
629 2679 685 2761 qui
704 2680 879 2745 secundum
896 2685 1047 2746 naturam
1061 2684 1174 2749 volent

167 2767 305 2850 111111),
331 2787 509 2848 numquam
532 2767 727 2851 committet,
754 2771 791 2832 ut
818 2768 960 2832 alienum
983 2774 1117 2854 appetat
1140 2775 1174 2836 et

115 2870 150 2920 24
168 2855 214 2938 id,
252 2853 337 2938 quod
370 2853 466 2918 alteri
502 2854 691 2937 detraxerit,
730 2854 793 2918 sibi
829 2856 987 2921 adsumat.
1038 2857 1171 2924 Etenim

168 2942 272 3006 multo
295 2941 401 3025 magis
429 2944 479 3005 est
508 2941 681 3006 secundum
703 2945 855 3007 naturam
879 2945 1050 3010 excelsitas
1074 2947 1175 3011 animi

168 3032 201 3092 et
236 3028 425 3113 magnitudo
458 3029 601 3112 itemque
633 3030 783 3114 comitas,
819 3030 959 3117 iustitia,
992 3034 1174 3099 liberalitas

168 3138 265 3199 quam
288 3116 456 3200 voluptas,
479 3139 577 3200 quam
599 3117 680 3201 1111,
705 3139 802 3201 quam
826 3118 972 3204 divitiae,
1000 3143 1082 3204 quae
1106 3123 1175 3206 qui·

167 3204 239 3268 dem
272 3206 476 3268 contemnere
508 3207 541 3269 11
572 3227 631 3290 pro
658 3205 761 3269 nihilo
789 3206 903 3271 ducere
931 3214 1175 3293 comparantem

167 3313 240 3357 cum
269 3291 413 3355 utilitate
443 3292 606 3357 communi
635 3293 746 3378 magni
774 3294 874 3358 animi
906 3298 939 3359 et
969 3297 1088 3362 excelsi
1116 3303 1175 3362 est.

162 3379 361 3459 [Detrahere
380 3383 488 3445 autem
508 3381 545 3444 de
565 3380 668 3445 altero
692 3381 742 3445 sui
765 3383 926 3448 commodi
948 3406 1045 3450 causa
1068 3386 1175 3472 magis

146 3471 203 3531 est
230 3472 351 3538 contra
375 3473 535 3538 naturam
566 3491 668 3558 quam
692 3491 799 3556 mors,
824 3492 924 3555 quam
947 3471 1053 3552 dolor,
1076 3495 1176 3553 quam
