2476 3848
540 195 580 207 -
627 158 779 224 552-

156 321 245 405 muli‚
267 325 339 385 tum
362 320 461 384 etiam
481 319 679 404 reliquorum
697 339 811 404 regum
830 318 989 402 sapientia
1007 319 1157 384 definitus

156 431 195 473 ex
219 408 306 473 omni
323 410 417 492 parte
437 407 544 472 arduis
561 405 808 491 praeruptisque
826 407 999 490 montibus,
1020 412 1057 471 ut
1073 429 1157 472 unus

157 496 272 579 aditus,
292 495 347 579 qui
364 498 450 559 esset
467 494 552 558 inter
569 492 775 577 Esquilinum
789 492 1049 579 Quirinalemque
1067 516 1158 559 mon·

156 587 236 667 tem,
264 583 404 648 maximo
433 603 552 667 aggere
579 582 704 646 obiecto
727 580 817 645 fossa
839 581 1019 666 cingeretur
1041 583 1158 647 vastis·

157 671 254 755 sima,
281 675 390 803 atqu'e·
405 672 446 770 ut
469 670 517 733 ita
544 669 669 770 munita
692 691 749 733 arx
765 669 977 769 ⁸circumiectu
1000 669 1100 770 arduo
1124 675 1158 770 et

155 761 617 928 atlelttttt‘tttttt
635 759 1159 928 ⁸tttt¹ttttatttttrt

157 936 254 1016 atque
276 933 399 996 intacta
420 930 641 1016 permanserit.
682 930 865 1013 Locumque
888 931 1010 1016 delegit
1033 936 1066 995 et
1086 931 1158 996 fon-

156 1021 244 1084 tibus
274 1019 491 1084 abundantem
518 1022 551 1082 et
577 1018 612 1081 in
638 1018 769 1103 regione
792 1017 958 1101 pestilenti
980 1019 1159 1104 salubrem3

157 1108 255 1172 colles
279 1106 364 1170 eninr
387 1109 474 1188 sunt,
503 1105 558 1188 qui
580 1127 653 1171 cum
674 1105 853 1190 perflantur
874 1105 951 1190 ipsi,
977 1109 1048 1170 tum
1071 1106 1158 1170 adfe-

157 1196 233 1258 runt
254 1194 403 1258 umbram
425 1193 575 1259 vallibus.

119 1277 137 1339 'l
224 1281 331 1367 Atque
358 1281 437 1346 hacc
464 1281 592 1364 quidem
618 1280 823 1365 perceleriter
846 1280 996 1364 confecit3
1024 1285 1160 1346 namet

105 1353 138 1402 ¹²
157 1370 270 1434 urbem
297 1369 478 1452 constituit,
508 1390 605 1451 quam
628 1389 645 1432 e
669 1390 727 1432 suo
749 1368 879 1433 nomine
901 1368 1039 1432 Romam
1061 1368 1160 1433 iussit

156 1485 184 1536 p.
204 1460 268 1536 262]
295 1456 469 1540 nominari,
498 1459 530 1520 et
558 1456 599 1520 ad
620 1453 820 1542 firmanldam
846 1477 964 1520 novam
991 1455 1158 1520 civitatem

156 1564 277 1608 novum
300 1544 459 1627 quoddam
483 1546 516 1606 et
538 1544 728 1628 subagreste
751 1543 929 1625 consilium,
952 1545 1007 1608 sed
1030 1543 1071 1607 ad
1088 1566 1157 1608 mu-

157 1630 290 1695 niendas
319 1653 396 1715 opes
426 1630 519 1716 regni
547 1652 584 1695 ac
610 1632 723 1715 populi
751 1631 801 1695 sui
827 1631 938 1716 magni
959 1631 1099 1695 hominis
1123 1635 1157 1695 et

157 1718 223 1783 iam
250 1721 320 1782 tum
347 1720 444 1804 longe
470 1718 669 1802 providentis
693 1721 819 1783 secutus
843 1722 901 1801 cst,
924 1739 997 1782 cum
1019 1716 1158 1783 Sabinas

156 1802 294 1871 honesto
326 1810 414 1870 ortas
446 1806 518 1870 loco
544 1806 701 1890 virgines,
733 1827 814 1890 quae
841 1805 980 1870 Romam
1007 1805 1157 1870 ludorum

159 1894 266 1978 gratia
292 1893 468 1976 venissent,
495 1914 576 1976 quos
602 1896 673 1957 tum
700 1894 840 1977 primum
864 1893 1099 1958 anniversarios
1122 1894 1158 1958 in

158 1981 242 2046 circo
268 1981 373 2044 lacere
400 1979 609 2063 instituisset,
637 1979 850 2044 Consualibus
878 1981 949 2064 rapi
971 1980 1067 2044 iussit
1090 2002 1158 2045 eas·

156 2096 185 2147 p.
196 2070 261 2147 271]
277 2089 338 2150 que
355 2067 391 2130 in
407 2066 605 2131 familiarum
623 2067 896 2150 amplissimarum
915 2067 920 2150 Ι
940 2068 1157 2132 matrimoniis

106 2154 337 2223 recollocavit.
369 2152 438 2228 Qua
462 2175 500 2217 ex
522 2175 620 2218 causa
642 2176 714 2218 cum
731 2154 854 2218 bellum
872 2154 1026 2219 Romanis
1046 2153 1159 2220 Sabini

157 2241 344 2305 intulissent
370 2240 548 2326 proeliique
576 2243 738 2306 certamen
765 2243 891 2306 varium
919 2245 1016 2325 atquc
1039 2265 1157 2327 anceps
1205 2290 1209 2297 -

157 2328 285 2412 fuisset,
317 2351 387 2394 cum
415 2327 450 2392 T.
478 2327 587 2412 Tatio,
617 2350 693 2414 rege
720 2326 925 2411 Sabinorum,
955 2329 1068 2395 foedus
1099 2331 1157 2395 icit

158 2416 315 2481 matronis
336 2416 425 2501 ipsis,
449 2438 530 2500 quac
552 2419 665 2500 raptae
684 2419 784 2500 erant,
807 2417 987 2500 orantibus3
1011 2439 1073 2500 quo
1091 2417 1159 2483 foe·

158 2505 232 2569 dere
255 2508 288 2569 et
311 2502 447 2568 Sabinos
470 2503 505 2568 in
527 2504 692 2569 civitatem
714 2503 849 2569 adscivit
872 2504 972 2569 sacris
994 2505 1159 2569 conmuni·

158 2592 240 2657 catis
264 2595 296 2656 et
318 2612 454 2676 regnum
477 2613 570 2655 suum
593 2613 665 2656 cum
687 2591 818 2655 illorum
840 2613 916 2677 rege
940 2592 1083 2657 sociavit.

119 2666 139 2729 8
223 2678 303 2744 Post
320 2678 489 2742 interitum
509 2682 617 2742 autem
631 2678 718 2743 Tatii
736 2700 809 2743 cum
828 2678 868 2743 ad
886 2700 959 2743 eum
972 2679 1157 2744 dominatus

106 2743 140 2790 14
157 2795 185 2846 p.
196 2769 261 2847 aaa]
282 2767 385 2830 omnis
403 2765 596 2848 reccidisset‚
615 2767 620 2850 Ι
641 2787 834 2849 quamquam
853 2787 926 2830 cum
944 2766 1039 2832 Tatio
1056 2767 1092 2831 in
1108 2790 1158 2832 re

158 2854 247 2939 gium
271 2854 440 2918 consilium
458 2852 622 2938 delegerat
640 2853 799 2937 principes
818 2851 888 2937 (qui
906 2854 1063 2938 appellati
1081 2860 1160 2921 sunt

157 2945 290 3025 propter
309 2942 478 3006 caritatem
495 2937 642 3025 patres)
660 2941 878 3025 populumque
896 2943 929 3004 et
948 2963 1006 3006 suo
1021 2946 1054 3006 et
1070 2942 1158 3008 Tatii

157 3028 286 3092 nomine
316 3031 349 3092 et
375 3028 583 3111 Lucumonis,
613 3028 668 3111 qui
690 3027 821 3092 Romuli
848 3028 952 3092 socius
979 3029 1014 3092 in
1037 3027 1158 3095 Sabino

158 3115 281 3198 proelio
305 3115 473 3200 occiderat,
495 3116 530 3180 in
551 3115 655 3179 tribus
677 3115 739 3179 tris
762 3114 930 3198 curiasque
952 3116 1090 3201 triginta
1112 3117 1159 3181 di·

159 3201 332 3285 scripserat
359 3200 453 3286 (quas
482 3203 586 3268 curias
613 3224 723 3266 earum
745 3202 929 3267 nominibus
951 3205 1157 3289 nuncupavit,

158 3311 239 3372 quae
268 3310 306 3352 ex
329 3286 457 3354 Sabinis
484 3290 626 3376 virgines
652 3292 766 3374 raptae
792 3294 907 3374 postea
932 3289 1061 3356 fucrant
1088 3314 1158 3356 ora

156 3377 253 3441 trices
280 3377 368 3461 pacis
396 3380 429 3440 et
455 3375 607 3462 foederis)
631 3415 672 3423 —
696 3378 752 3442 sed
780 3399 974 3462 quamquam
1002 3400 1040 3443 ea
1062 3379 1158 3445 Tatio

92 3450 118 3607 '
153 3490 184 3540 p.
204 3467 268 3546 aar]
297 3464 342 3529 sic
367 3468 459 3528 erant
478 3466 484 3549 Ι
504 3465 658 3548 discripta
680 3465 767 3550 vivo,
795 3467 905 3529 tamen
927 3486 964 3530 eo
984 3465 1158 3533 interfecto
