2476 3848
553 172 793 236 -458-

171 333 282 410 ‘Quid
306 331 438 414 aliud',
461 332 565 416 inquit
587 331 792 415 Aristoteles,
816 331 870 396 ‘in
892 332 1015 416 bovis,
1038 334 1182 399 nonin

170 421 274 507 regis
306 421 483 505 sepulcro
516 419 772 485 inscriberes‘?
825 419 929 485 Haec
958 419 1102 486 habere
1138 443 1180 487 se

171 513 360 574 mortuum
387 507 496 591 dicit,
523 530 617 593 quae
644 529 688 572 ne
715 507 824 572 vivus
854 507 1003 590 quidem
1026 508 1179 576 diutius

121 619 170 670 102
193 597 361 662 habebat
379 618 489 681 quam
509 594 729 661 fruebatur?
767 593 832 660 Cur
849 596 948 680 igitur
965 596 1099 662 divitiae
1124 598 1179 664 de-

172 686 363 764 siderentur,
391 687 448 751 aut
474 684 530 749 ubi
558 687 733 767 paupertas
756 683 869 748 beatos
893 705 962 750 esse
984 706 1051 750 non
1073 687 1179 751 sinit?

171 772 294 859 Signis,
316 772 424 856 oredo,
446 777 475 836 et
495 771 616 837 tabulis
644 771 763 836 studes.
809 769 843 836 si
865 773 937 856 quis
959 776 1021 856 est,
1044 774 1102 857 qui
1124 774 1178 840 his

172 861 356 944 delectetur,
372 882 479 926 nonne
493 859 608 924 melius
626 863 737 925 tenues
752 859 898 926 homines
911 860 1062 926 fruuntur
1078 883 1178 946 quam

172 951 230 1032 illi,
248 949 303 1032 qui
320 949 360 1012 iis
379 947 565 1012 abundant?
598 947 659 1012 Est
677 948 762 1012 enim
781 969 889 1012 earum
906 970 1014 1014 rerum
1031 950 1179 1016 omnium

171 1039 207 1102 ia
235 1040 348 1101 nostra
375 1035 453 1100 urbe
483 1057 609 1100 summa
637 1037 671 1100 in
697 1035 826 1119 publico
852 1036 953 1120 copia.
999 1036 1090 1113 Quae
1122 1039 1178 1122 qai

172 1125 325 1208 privatim
346 1123 480 1207 habent,
502 1144 561 1188 nec
583 1127 651 1188 tam
674 1123 777 1188 multa
799 1127 832 1189 et
852 1146 925 1190 raro
948 1125 1069 1208 vident,
1101 1149 1178 1192 cum

172 1213 204 1277 iu
225 1234 282 1276 sua
298 1234 375 1276 rura
392 1214 561 1296 venerunt3
581 1234 661 1297 quos
679 1214 787 1277 tamen
805 1214 922 1296 pungit
940 1212 1070 1298 aliquid,
1094 1236 1178 1299 cum,

172 1300 229 1365 illa
247 1299 330 1364 unde
348 1300 502 1383 habeant,
520 1301 735 1365 recordantur.
770 1298 846 1364 Dies
866 1301 1006 1403 deficiat,
1029 1302 1058 1366 si
1076 1303 1177 1367 velim

172 1387 1178 1562 {tttttbtttttttl¹lttttptlttttttt

173 1564 283 1648 parvis
305 1565 401 1630 rebus
425 1567 530 1649 egeat,
553 1586 649 1647 quam
672 1563 798 1628 vilibus.

120 1633 171 1758 {3053
238 1651 325 1717 Num
356 1653 457 1737 igitur
487 1652 674 1736 ignobilitas
707 1654 764 1715 aut
789 1651 955 1716 humilitas
985 1655 1042 1717 aut
1075 1654 1177 1718 etiam

173 1740 339 1823 popularis
363 1740 495 1805 offensio
519 1740 696 1823 sapientem
722 1739 854 1804 beatum
877 1761 946 1804 esse
968 1740 1178 1824 prohibebit?

173 1827 269 1911 Vide,
295 1850 334 1893 ne
361 1828 434 1910 plus
461 1828 695 1892 commendatio
722 1827 758 1891 in
784 1827 898 1911 vulgus
922 1827 1068 1912 ethaeo,
1093 1850 1177 1913 quae

173 1917 344 2000 expetitur,
375 1915 480 1999 gloria
511 1915 678 1979 molestiae
709 1913 829 1979 habeat
860 1936 957 1998 quam
990 1916 1177 2000 voluptatis.

173 2002 343 2068 Levieulus
371 2023 448 2065 sane
474 2005 583 2066 noster
609 2000 856 2085 Demosthenes,
885 2003 940 2086 qui
962 2003 1019 2068 illo
1043 2025 1176 2071 susurro

174 2090 325 2154 delectari
359 2110 392 2152 se
424 2089 551 2154 dicebat
577 2111 694 2172 aquam
728 2089 861 2154 ferentis
887 2091 1108 2176 mulierculae,
1140 2098 1178 2158 ut

174 2199 244 2241 mos
267 2177 301 2240 in
320 2174 454 2241 Graecia
477 2181 540 2260 est,
563 2177 856 2262 insusurrantisque
875 2178 982 2243 alteri:
1005 2178 1093 2244 ‘Hic
1117 2186 1177 2247 est

174 2263 242 2328 ille
265 2263 563 2330 Demosthenes?
608 2263 691 2340 Quid
714 2266 775 2330 hoc
797 2265 923 2332 levius?
966 2267 1013 2331 At
1034 2272 1176 2351 quantus

174 2353 295 2417 orator!
340 2349 402 2417 Sed
425 2353 508 2436 apud
530 2352 612 2417 alios
635 2354 725 2438 loqui
746 2353 896 2419 videlicet
917 2352 1084 2439 didicerat,
1110 2378 1176 2422 non

122 2462 173 2512 104
195 2441 332 2505 multum
363 2441 432 2524 ipse
465 2463 579 2505 secum.
629 2441 883 2527 Intellegendum
910 2445 960 2506 est
987 2443 1087 2528 igitur
1116 2466 1177 2510 nec

174 2530 310 2614 gloriam
341 2529 527 2612 popularem
559 2530 663 2613 ipsam
689 2551 747 2613 per
774 2550 843 2593 sese
875 2531 1086 2614 expetendam
1115 2554 1176 2598 nec

171 2617 412 2703 ignobilitatem
436 2617 711 2682 extimescendam.
757 2616 869 2682 ‘Veni
894 2617 1097 2703 Athenas’,
1127 2620 1176 2685 in·

173 2705 244 2790 quit
260 2703 475 2788 Democritus,
498 2703 631 2789 ‘neque
654 2727 709 2769 me
733 2705 932 2790 quisquam
955 2706 1010 2771 ibi
1033 2706 1175 2793 adgno-

174 2792 250 2858 vit’
297 2791 506 2858 Constantem
527 2792 691 2858 hominem
714 2796 747 2856 et
769 2813 912 2878 gravem,
940 2795 994 2878 qui
1017 2796 1176 2880 glorietur

175 2904 195 2946 a
221 2881 327 2966 gloria
354 2902 387 2945 se
416 2880 548 2946 afuisse!
598 2881 650 2945 An
676 2881 825 2946 tibicines
852 2881 951 2966 iique,
979 2884 1033 2967 qui
1055 2882 1176 2948 fidibus

175 2974 320 3053 utuntur,
343 2990 414 3051 suo,
441 2990 506 3034 non
528 2968 744 3033 multitudinis
768 2968 903 3035 arbitrio
929 2975 1042 3035 cantus
1064 2992 1177 3036 nume·

174 3078 291 3141 rosque
323 3056 542 3139 moderantur,
572 3057 622 3122 vir
653 3057 795 3140 sapiens,
821 3058 923 3123 multo
953 3061 1022 3122 arte
1052 3059 1177 3125 maiore

175 3144 352 3228 praeditus,
382 3165 448 3208 non
480 3144 556 3228 quid
586 3145 788 3210 verissimum
821 3145 875 3227 sit,
908 3145 964 3210 sed
995 3144 1071 3230 quid
1098 3149 1179 3213 velit

175 3232 303 3316 vulgus,
327 3231 491 3316 exquiret?
536 3232 588 3296 An
613 3234 783 3317 quicquam
806 3233 936 3298 stultius
959 3255 1069 3318 quam,
1095 3255 1178 3320 quos

177 3319 322 3404 singulos
351 3319 434 3383 siout
462 3320 625 3403 operarios
652 3320 869 3405 barbarosque
892 3324 1094 3406 contemnas,
1120 3344 1177 3390 eos

176 3405 296 3492 aliquid
318 3409 431 3490 putare
444 3427 523 3472 esse
545 3408 733 3473 universos?
778 3407 838 3473 Ille
859 3430 934 3474 vero
956 3412 1086 3474 nostras
1109 3432 1180 3476 am·

92 3444 136 3631 h
176 3497 315 3560 bitiones
351 3495 560 3578 levitatesque
601 3499 784 3562 contemnet
825 3496 1023 3582 honoresque
1062 3500 1180 3583 populi
