2476 3848
566 159 808 226 -342-

178 324 229 387 est
250 319 351 406 igitur
374 318 453 386 haee
476 274 628 402 amicitia,
650 342 723 384 cum
746 320 830 384 alter
852 341 965 384 verum
981 320 1096 385 audire
1117 342 1186 387 non

177 410 262 493 vult,
290 410 373 473 alter
396 408 436 473 ad
464 412 553 473 ment
538 370 681 473 tiendum
708 410 843 491 paratus
868 412 925 473 est.
903 405 1039 473 thc
1061 411 1185 492 parasi-

178 459 318 562 toruin
308 519 343 561 ιιι
366 496 538 561 comoediis
563 496 677 560 adsent
662 496 745 560 tatio
769 494 877 560 faceta
894 496 990 560 nobis
1009 496 1133 561 videret
1119 502 1181 582 tur,

178 584 242 649 nisi
264 587 372 649 essent
394 584 516 650 milites
540 583 684 669 gloriosi

221 672 382 758 Magnas
404 693 496 736 vero
521 692 634 786 agere
658 671 808 784 gratias
832 668 949 735 Thais
973 671 1088 736 mihi?

89 756 93 762 ’
178 758 265 824 Satis
289 763 359 824 erat
384 757 624 842 respondere.
627 755 810 844 ma’3gnas
834 757 1076 859 ingentes’,
1067 760 1183 843 mquit.

178 845 311 931 Semper
333 851 432 932 auget
455 847 604 911 adsentat
590 850 642 910 tor
664 846 711 930 id,
734 807 852 930 quod
842 867 880 930 ιι,
903 846 993 911 cuius
1013 847 1053 911 ad
1072 849 1183 912 volun-

126 944 159 992 99
177 939 279 999 tatem
316 933 394 998 dicit
380 938 446 1018 tur,
481 936 553 999 vult
585 955 655 998 esse
686 954 851 1019 magnum.
896 932 999 1009 Quam
1030 935 1072 998 ob
1104 957 1183 1019 rem,

178 1043 374 1106 quamquam
396 1020 516 1086 blanda
542 1021 607 1086 ista
634 1021 760 1086 vanitas
789 1020 875 1105 apud
907 1043 962 1086 eos
993 1023 1094 1107 valet,
1128 1024 1184 1107 qui

176 1110 241 1192 ipsi
262 1110 353 1173 illam
373 1109 537 1174 adlectant
554 1113 586 1173 et
604 1109 754 1192 invitant,
772 1113 882 1173 tamen
896 1110 995 1174 etiam
1014 1110 1181 1195 graviores

177 1197 476 1281 constantioresque
509 1197 701 1262 admonendi
728 1200 816 1280 sunt,
849 1201 886 1261 ut
914 1198 1174 1263 animadvertt
1101 1203 1183 1284 tt,an

175 1306 217 1349 ne
240 1285 358 1349 callida
381 1285 604 1350 adsentatione
627 1285 805 1386 capiantur.
850 1285 973 1369 Aperte
1002 1285 1087 1350 enim
1107 1288 1183 1351 adu·

177 1373 300 1437 lentem
322 1394 416 1438 nemo
438 1394 506 1437 non
523 1373 620 1456 videt,
597 1373 702 1437 tnisi
720 1373 776 1456 qui
794 1371 1037 1438 admodumt
986 1376 1037 1437 est
1055 1395 1183 1461 excors3

177 1460 313 1525 callidus
336 1461 393 1525 ille
416 1464 449 1526 et
477 1462 582 1526 occult
568 1465 622 1526 tus
644 1482 685 1524 ne
713 1482 747 1524 se
774 1460 928 1544 insinuet,
961 1461 1104 1526 studiose
1132 1484 1182 1527 ca-

176 1549 314 1612 vendum
337 1551 403 1632 est3
433 1570 493 1614 nec
520 1550 605 1613 enim
630 1547 785 1613 facillime
813 1511 1034 1634 adgnoscitur,
1062 1551 1182 1634 quippe

177 1636 233 1718 qui
256 1636 354 1700 etiam
379 1637 577 1701 adversando
601 1658 696 1721 saepe
720 1636 907 1702 adsentator
930 1640 962 1701 et
986 1637 1117 1722 litigare
1147 1660 1182 1703 se

177 1724 332 1788 simulans
359 1725 547 1789 blandiatur
576 1728 674 1807 atque
702 1723 742 1788 ad
775 1726 954 1790 extremum
986 1724 1040 1788 det
1065 1747 1181 1790 manus

175 1811 323 1894 vincique
342 1833 376 1875 se
389 1812 544 1895 patiatur,
567 1815 604 1874 ut
621 1812 659 1895 is,
681 1812 737 1894 qui
753 1810 879 1876 inlusus
899 1813 950 1896 sit,
968 1812 1042 1896 plus
1061 1812 1182 1878 vidisse

175 1898 332 1963 videatur.
368 1897 451 1974 Quid
475 1903 583 1963 autem
606 1900 733 1982 turpius
758 1921 855 1981 quam
878 1899 1002 1964 inludi?
1032 1897 1125 1974 Quod
1143 1906 1182 1966 ut

175 2008 215 2050 ne
239 1986 371 2070 accidat,
394 1987 499 2071 magis
523 1985 699 2051 cavendum
723 1991 781 2050 est.
1183 2047 1187 2064 ‚

221 2072 272 2137 Ut
300 2095 355 2137 me
382 2073 495 2138 hodie
523 2078 610 2138 ante
638 2095 766 2140 omnes
794 2074 959 2139 comicos
989 2074 1135 2139 stultos

646 2162 652 2173 ’
936 2182 1046 2226 senes

218 2245 400 2312 Versa‘ris
425 2252 540 2332 atque
562 2248 772 2313 inldsseris
797 2247 1039 2315 laetissume.

124 2351 174 2401 100
187 2333 277 2399 Haec
300 2336 385 2399 enim
412 2337 511 2401 etiam
533 2337 568 2400 in
589 2336 710 2401 fabulis
739 2336 935 2401 stultissima
962 2358 1101 2422 persona
1129 2341 1180 2401 est

173 2423 417 2507 inprovidorum
440 2427 473 2488 et
500 2424 704 2489 credulorum
731 2445 852 2488 senum.
898 2422 961 2488 Sed
982 2425 1090 2489 nescio
1115 2447 1179 2508 quo

174 2515 269 2594 pacto
293 2511 334 2575 ab
357 2512 508 2576 amicitiis
536 2511 752 2596 perfectorum
779 2510 960 2594 hominum,
991 2512 1025 2576 id
1053 2515 1102 2574 est
1131 2534 1181 2577 sa-

174 2598 331 2683 pientium
354 2596 408 2683 (de
431 2600 492 2664 hac
514 2600 584 2664 dico
609 2599 781 2683 sapientia,
811 2620 893 2682 quae
915 2599 1042 2664 videtur
1064 2599 1100 2662 in
1122 2599 1180 2664 ho-

174 2687 294 2750 minem
312 2687 423 2751 cadere
442 2684 561 2772 posse),
580 2687 721 2751 adleves
737 2686 895 2752 amicitias
913 2686 1045 2751 defluxit
1063 2688 1179 2754 oratio.

174 2771 278 2848 Quam
305 2774 347 2838 ob
379 2795 449 2838 rem
480 2775 521 2838 ad
552 2774 610 2838 illa
640 2775 747 2858 prima
773 2774 941 2839 redeamus
974 2795 1075 2858 caque
1107 2775 1181 2860 ipsa

174 2862 401 2926 concludamus
425 2860 606 2944 aliquando.

121 2949 162 3012 27
238 2949 364 3032 Virtus,
385 2949 502 3032 virtus,
524 2949 671 3031 inquam,
694 2946 727 3013 Ο.
750 2948 867 3034 Fanni,
890 2953 923 3014 et
945 2953 995 3033 tu,
1026 2947 1062 3024 Q.
1085 2948 1180 3035 Muci,

175 3038 207 3098 et
234 3036 386 3101 conciliat
414 3036 573 3101 amicitias
601 3039 634 3101 et
662 3040 839 3102 conservat.
884 3035 924 3101 In
951 3059 989 3102 ea
1016 3041 1066 3102 est
1095 3039 1180 3102 enim

174 3123 397 3188 convenientia
418 3146 535 3207 rerum,
557 3124 592 3188 in
610 3146 648 3188 ea
665 3124 842 3204 stabilitas,
865 3125 899 3189 in
922 3147 962 3191 ea
984 3127 1182 3210 constantia3

174 3230 256 3291 quae
279 3231 351 3274 oum
375 3231 409 3274 se
433 3212 606 3275 extulit
572 3214 606 3276 e
628 3212 770 3276 ostendit
756 3216 887 3277 tsuum
910 3213 1021 3278 lumen
1043 3216 1077 3277 et
1094 3213 1181 3278 idem

173 3403 298 3467 simque
322 3385 439 3469 accipit
461 3387 552 3470 illud,
575 3387 693 3470 quod
683 3409 718 3450 ιιι
741 3388 789 3452 alt
774 3391 845 3452 tero
864 3391 927 3471 est3
951 3409 989 3452 cx
1008 3410 1072 3471 quo
1092 3410 1181 3454 exar-

174 3296 301 3379 aspexit
325 3298 542 3382 adgnovitque
565 3299 599 3364 in
623 3299 701 3382 alio,
730 3299 771 3364 ad
797 3301 831 3364 id
853 3322 888 3365 se
911 3302 1063 3366 admovet
1086 3300 1179 3365 vicis-

92 3324 275 3629 Ἶᾱθεοίι
260 3471 361 3538 tsive
380 3495 472 3538 amor
490 3475 558 3540 sive
578 3473 780 3559 amicitia3u
780 3479 930 3560 trumque
949 3474 1035 3539 enim
1058 3475 1182 3542 dictum
