2476 3848
465 190 705 256 -475—

82 352 168 435 quod
196 373 264 416 non
290 351 410 417 habeat
438 351 507 415 sine
530 350 677 416 doctrina
699 349 964 434 anticipationem
988 372 1087 435 quan·
1160 357 1161 360 ’

83 441 158 504 dam
185 439 339 504 deorum?
372 461 469 524 quam
497 439 639 523 appellat
663 435 831 522 πρόληψιν
853 437 1026 522 Epicurus,
1052 438 1085 502 id

84 531 134 592 est
166 531 370 613 anteceptam
402 527 509 592 animo
542 526 590 591 rei
621 525 782 609 quandam
813 525 1086 608 informationem,

84 616 153 679 sine
194 637 258 698 qua
295 637 353 679 neo
392 614 541 699 intellegi
581 613 752 697 quicquam
788 635 846 679 nec
882 613 993 698 quaeri
1027 636 1086 679 neo

84 702 244 786 disputari
275 705 392 787 potest.
437 701 535 766 Cuius
568 701 703 766 rationis
735 701 803 766 vim
835 704 932 785 atque
964 702 1086 766 utilita-
1205 772 1208 777 ,

83 794 151 855 tem
179 812 217 854 ex
243 789 302 853 illo
330 789 461 855 caelesti
483 788 623 874 Epicuri,
640 789 678 853 de
701 789 815 875 regula
838 793 870 853 et
892 789 1010 854 iudicio
1032 812 1138 903 vo-17

84 878 205 942 lumine
233 877 421 962 accepimus.
473 875 566 951 Quod
592 877 693 962 igitur
719 876 965 942 fundamentum
991 878 1086 942 huius
1105 919 1140 967 44

84 965 283 1050 quaestionis
316 969 380 1048 est,
413 964 447 1029 id
478 965 642 1048 praeclare
673 965 795 1030 iactum
826 965 952 1030 videtis.
1006 964 1087 1031 Cum

84 1054 171 1117 enim
187 1074 254 1117 non
270 1053 421 1117 instituto
441 1051 550 1136 aliquo
570 1055 625 1117 aut
643 1075 733 1117 more
752 1056 808 1118 aut
826 1053 899 1140 lege
919 1054 962 1118 sit
978 1054 1086 1139 opinio

84 1141 263 1206 constituta
277 1142 468 1223 maneatque
484 1139 524 1204 ad
537 1162 636 1204 unum
651 1140 794 1204 omnium
808 1142 902 1206 firma
911 1143 1088 1226 consensio,

84 1229 233 1313 intellegi
254 1249 383 1292 necesse
407 1231 545 1291 estesse
564 1227 649 1310 deos,
673 1228 824 1312 quoniam
842 1230 958 1295 insitas
977 1253 1087 1296 eorum

84 1317 137 1381 vel
155 1316 263 1400 potius
282 1316 411 1380 innatas
431 1315 632 1400 cognitiones
650 1315 821 1399 habemus3
840 1317 878 1381 de
897 1339 960 1400 quo
980 1323 1088 1383 autem

85 1404 230 1469 omnium
251 1407 369 1468 natura
392 1403 566 1485 consentit,
589 1403 623 1467 id
645 1424 758 1467 rerum
781 1424 851 1468 esse
873 1426 1002 1469 necesse
1026 1410 1089 1488 est3

85 1514 154 1556 esse
176 1492 278 1577 igitur
301 1491 376 1556 deos
400 1491 615 1555 confitendum
638 1494 696 1554 cst.
732 1489 825 1566 Quod
847 1492 999 1575 quoniam
1020 1492 1088 1558 fere

86 1583 214 1644 constat
236 1580 322 1643 inter
340 1579 445 1644 omnis
463 1600 529 1642 non
546 1576 758 1662 philosophos
778 1578 892 1662 solum,
916 1579 971 1642 sed
990 1580 1089 1645 etiam

85 1668 246 1750 indoctos,
281 1667 442 1732 fateamur
473 1668 621 1730 constare
651 1665 734 1729 illud
765 1665 877 1750 etiam,
913 1666 997 1731 hanc
1027 1689 1087 1732 nos

84 1755 205 1819 habere
228 1755 296 1819 sive
320 1753 592 1837 anticipationem,
615 1756 652 1817 ut
675 1756 750 1817 ante
774 1752 847 1836 dixi,
871 1753 939 1818 sive
956 1777 1089 1839 praeno·

84 1844 208 1908 tionem
231 1842 363 1906 deorum
387 1840 476 1926 (sunt
500 1840 586 1905 enim
608 1840 703 1905 rebus
726 1840 819 1906 novis
837 1863 923 1907 nora
940 1844 1089 1926 ponenda

84 1931 226 2013 nomina,
249 1933 287 1994 ut
307 1929 467 2013 Epicurus
489 1929 559 2013 ipse
582 1925 750 2012 πρόληψιν
774 1930 965 2014 appellavit,
992 1953 1088 2014 quam

87 2022 183 2082 antea
204 2039 298 2083 nemo
322 2040 359 2082 co
382 2017 480 2082 verbo
503 2015 702 2102 nominarat)
717 2017 855 2082 —hanc
874 2018 975 2104 igitur
992 2019 1088 2084 habe·
1106 2032 1140 2081 45

86 2127 172 2189 mus,
202 2109 240 2170 ut
272 2105 348 2169 deos
380 2105 494 2169 beatos
522 2109 555 2169 et
581 2104 770 2169 inmortales
796 2109 955 2189 putemus.
1001 2107 1088 2183 Quae

86 2193 172 2256 enim
207 2193 302 2256 nobis
338 2196 456 2256 natura
486 2191 748 2256 informationem
779 2192 924 2277 ipsorum
957 2195 1088 2261 deorum

86 2280 187 2362 dedit,
214 2279 326 2344 eadem
348 2279 520 2364 insculpsit
541 2281 576 2343 in
599 2279 774 2364 mentibus,
802 2285 839 2345 ut
862 2303 916 2347 eos
940 2287 1087 2350 aeternos

87 2373 119 2432 et
141 2368 255 2433 beatos
277 2366 479 2433 haberemus.
523 2365 616 2442 Quod
639 2367 668 2431 si
689 2367 737 2432 ita
760 2371 823 2451 est,
846 2391 919 2434 vere
943 2372 1089 2455 exposita

86 2457 145 2520 illa
169 2455 329 2519 sententia
352 2459 402 2519 est
425 2456 465 2519 ab
483 2453 634 2539 Epicuro,
657 2455 742 2538 quod
759 2455 892 2521 beatum
910 2462 1089 2523 aeternum-

87 2566 148 2628 que
177 2544 234 2627 sit,
265 2543 298 2608 id
324 2564 383 2607 neo
409 2542 528 2606 habere
555 2542 663 2627 ipsum
690 2543 814 2628 negotii
837 2544 1009 2628 quicquam
1030 2568 1089 2612 nec

87 2631 237 2696 exhibere
261 2630 369 2713 alteri,
391 2630 501 2713 itaque
523 2651 626 2713 neque
648 2630 698 2695 ira
720 2652 823 2715 neque
847 2632 955 2717 gratia
977 2635 1089 2719 teneri,

88 2720 187 2804 quod,
216 2741 298 2803 quac
323 2718 405 2782 talia
429 2720 548 2801 essent,
574 2718 739 2783 imbecilla
762 2723 869 2784 essent
893 2721 1011 2788 omnia.
1055 2720 1090 2789 Si

86 2807 169 2871 nihil
197 2807 284 2872 aliud
312 2827 550 2891 quaereremus,
580 2806 644 2869 nisi
670 2809 707 2871 ut
734 2806 810 2872 deos
836 2806 890 2893 pie
912 2829 951 2877 ou

87 2898 120 2958 et
151 2898 189 2957 ut
221 2894 449 2979 superstitione
481 2893 707 2976 liberaremur,
740 2895 820 2959 satis
852 2898 967 2979 erat..

86 2985 227 3046 namret
257 2985 426 3065 praestans
460 2980 592 3045 deorum
623 2984 739 3046 natura
770 2982 961 3051 hominum·

86 3069 259 3151 coleretur,
287 3090 360 3132 cum
388 3071 420 3132 et
448 3071 579 3133 aeterna
601 3072 686 3133 esset
710 3073 742 3134 et
764 3070 899 3136 beatissi

87 3156 172 3221 enim
194 3156 434 3221 venerationem
456 3156 590 3240 iustam,
618 3156 769 3243 quicquid
791 3156 935 3247 excellit)
1034 3199 1036 3220 .

86 3248 140 3309 tus
164 3243 268 3309 omnis
292 3267 312 3309 a
333 3244 367 3309 vi
390 3247 486 3328 atque
509 3244 603 3309 irad

87 3333 208 3419 legitur
239 3332 324 3398 enim
356 3354 375 3398 a
406 3332 503 3398 beata
533 3332 603 3397 inm

87 3425 120 3485 et
144 3421 285 3506 gratiam
308 3420 486 3507 segregari3
509 3418 588 3504 quib

85 3509 270 3594 impendere
301 3513 415 3574 metus.
464 3505 528 3573 Sed
558 3506 607 3577 ad.
