2476 3848
523 163 764 226 -278—

141 323 295 409 legimus,
328 345 423 406 quem
445 322 677 408 philosophum
703 344 770 387 non
792 321 1050 388 contemnimus?
1080 321 1154 390 Nee

141 433 218 477 vero
241 412 298 475 ille
316 411 352 474 in
369 411 440 474 luce
459 411 554 475 modo
574 415 671 494 atque
688 410 844 475 inoculis
864 410 982 474 civium
1001 431 1153 496 magnus,

142 500 199 563 sed
221 499 308 562 intus
328 498 478 581 domique
496 499 724 582 praestantior.
756 497 819 573 Qui
833 519 948 581 sermo,
962 518 1044 580 quae
1058 520 1153 583 prae

141 590 244 670 cepta,
263 590 386 670 quanta
399 586 519 649 notitia
533 586 748 669 antiquitatis,
763 586 898 650 scientia
912 586 992 649 iuris
1007 586 1151 670 augurii!

140 674 264 739 Multae
287 674 396 756 etiam,
419 677 456 737 ut
478 673 514 736 in
535 674 665 738 homine
688 673 846 757 Romano,
870 673 1013 756 litterae3
1039 675 1152 740 omnia

141 761 298 827 memoria
320 762 452 825 tenebat
474 783 541 824 non
563 760 741 826 domestica
764 763 879 844 solum,
903 760 960 825 sed
980 762 1079 826 etiam
1099 784 1153 827 ex·

142 853 235 915 terna
257 849 355 913 bella.
400 847 498 913 Cuius
523 870 669 913 sermone
694 849 742 913 ita
769 853 840 912 tum
867 849 980 932 cupide
1007 849 1152 935 fruebar,

143 937 236 1021 quasi
249 937 316 1001 iam
331 937 519 1020 divinarem,
541 936 575 1000 id
587 936 674 1020 quod
696 937 811 1020 evenit,
829 936 888 1000 illo
908 937 1050 1001 extincto
1069 938 1152 1021 fore,

104 1008 226 1088 5unde
254 1025 422 1107 discerem,
452 1024 622 1088 neminem.
667 1022 828 1099 Quorsum
850 1024 951 1109 igitur
977 1025 1057 1090 haec
1080 1029 1152 1091 tam

90 1085 124 1132 13
143 1114 248 1176 multa
271 1113 309 1176 de
336 1112 500 1177 Maximo?
533 1111 615 1186 Quia
641 1112 787 1195 profecto
814 1111 931 1176 videtis
957 1111 1050 1178 nefas
1079 1135 1150 1178 esse

143 1200 231 1264 dictu
260 1200 412 1264 miseram
440 1200 540 1264 fuisse
567 1201 668 1263 talem
691 1202 897 1264 senectutem.
941 1199 1010 1265 Nec
1038 1204 1152 1266 tamen

143 1309 254 1352 omnes
277 1292 415 1372 possunt
437 1309 507 1352 esse
530 1285 695 1372 Scipiones
719 1291 776 1350 aut
797 1286 941 1371 Maximi,
963 1291 1001 1352 ut
1018 1289 1150 1353 urbium

143 1376 408 1461 expugnationes,
426 1380 462 1439 ut
479 1375 643 1460 pedestres
661 1375 834 1439 navalesve
852 1397 989 1460 pugnas,
1007 1379 1045 1440 ut
1060 1376 1150 1441 bella

142 1487 163 1530 a
177 1486 211 1528 se
226 1468 327 1549 gesta,
345 1467 382 1527 ut
400 1462 583 1547 triumphos
599 1462 816 1527 recordentur.
846 1462 908 1526 Est
927 1463 1026 1527 etiam
1041 1464 1149 1546 quiete

143 1555 176 1616 et
197 1574 277 1636 pure
301 1556 397 1635 atque
421 1551 587 1636 eleganter
610 1554 701 1615 actae
725 1550 843 1614 aetatis
861 1550 990 1635 placida
1008 1573 1045 1614 ac
1063 1551 1147 1615 lenis

142 1644 299 1723 senectus,
324 1640 452 1722 qualem
472 1639 652 1723 accepimus
675 1637 833 1721 Platonis,
856 1637 911 1720 qui
929 1659 994 1702 uno
1009 1641 1041 1700 et
1059 1641 1149 1702 octo-

144 1728 267 1812 gesimo
291 1748 375 1791 anno
400 1726 542 1791 scribens
570 1730 620 1790 est
643 1728 804 1808 mortuus,
832 1726 961 1808 qualem
982 1723 1147 1809 Isocratis,

143 1815 199 1898 qui
213 1836 286 1879 eum
299 1815 427 1897 librum,
438 1815 492 1896 qui
501 1813 760 1878 Panathenaicus
769 1813 967 1897 inscribitur,
985 1815 1102 1896 quarto
1113 1818 1148 1877 et

142 1901 352 1986 nonagesimo
373 1923 456 1964 anno
477 1901 644 1985 scripsisse
663 1921 697 1964 se
717 1901 794 1964 dicit
812 1901 956 1985 vixitque
971 1901 1149 1984 quinquen-

142 1989 232 2052 nium
245 1992 373 2072 postea3
392 1987 480 2051 cuius
496 1987 653 2072 magister
666 1987 844 2052 Leontinus
859 1987 997 2075 Gorgias
1016 1992 1148 2053 centum

143 2079 176 2139 et
208 2079 332 2160 septem
364 2075 538 2158 complevit
570 2097 671 2139 annos
703 2097 808 2159 neque
839 2098 992 2160 umquam
1018 2077 1054 2140 in
1088 2098 1147 2142 suo

143 2162 249 2226 studio
273 2165 370 2245 atque
394 2183 490 2246 opere
513 2163 660 2226 cessavit.
701 2162 771 2246 Qui,
795 2185 868 2228 cum
891 2185 989 2230 exeo
1013 2186 1148 2248 quaere·

141 2252 240 2332 retur,
262 2252 405 2313 curtam
425 2250 478 2313 diu
497 2249 595 2315 vellet
614 2272 684 2315 esse
702 2251 736 2314 in
754 2251 838 2315 vita:
862 2249 982 2315 ‘Nihil
1001 2252 1147 2337 habeo',

142 2338 260 2421 inquit,
293 2336 402 2420 ‘quod
431 2359 604 2402 accusem
636 2336 894 2403 senectutem?
939 2337 1148 2406 Praeclarum

91 2443 124 2491 14
142 2447 332 2510 responsum
355 2429 388 2490 et
411 2425 505 2491 docto
529 2425 659 2490 homine
682 2426 824 2511 dignum.
868 2424 934 2491 Sua
956 2427 1042 2490 enim
1065 2428 1149 2493 vitia

141 2515 331 2598 insipientes
355 2517 387 2578 et
406 2536 498 2579 suam
521 2514 649 2599 culpam
672 2514 708 2578 in
736 2517 935 2579 senectutem
963 2515 1148 2599 conferunt3

141 2602 228 2686 quod
258 2623 324 2666 non
354 2601 494 2667 faciebat
525 2601 568 2686 is,
599 2602 688 2667 cuius
721 2603 817 2667 modo
849 2602 1046 2668 mentionem
1074 2603 1148 2689 feci,

140 2690 280 2755 Ennius:

186 2776 293 2842 Sicut
310 2776 429 2841 fortis
448 2799 580 2860 equus,
604 2777 732 2861 spatio
752 2777 817 2860 qui
836 2798 949 2861 saepe
969 2799 1147 2862 supremo

185 2865 292 2930 Vicit
306 2863 496 2948 Olympia,
513 2886 611 2929 nunc
631 2864 738 2928 senio
757 2865 956 2930 confectus
971 2865 1148 2948 quiescit.

142 2952 228 3035 Equi
245 2951 341 3015 fortis
362 2956 395 3016 et
408 2952 540 3016 victoris
560 2951 718 3017 senectuti
734 2957 901 3037 comparat
916 2975 1016 3017 suam.
1045 2952 1148 3028 Quem

141 3039 271 3122 quidem
294 3038 395 3122 probe
419 3039 603 3103 meminisse
625 3039 778 3124 potestis;
801 3062 886 3104 anno
909 3041 996 3105 enim
1017 3040 1149 3105 undevi-

143 3126 284 3191 censimo
307 3129 383 3207 post
406 3126 635 3191 eius-mortem
660 3127 696 3191 hi
714 3129 877 3209 consules,
896 3127 932 3192 Τ.
945 3127 1148 3192 Flamininus

143 3217 176 3277 et
198 3211 250 3275 Μ’.
269 3210 403 3296 Acilius,
425 3212 504 3277 facti
528 3219 611 3297 sunt,
633 3214 691 3278 ille
714 3218 823 3278 autem
846 3213 1008 3300 Caepione
1027 3218 1060 3279 et
1072 3214 1149 3279 Phi-

141 3300 233 3384 lippo
251 3299 370 3363 iterum
385 3301 571 3365 consulibus
589 3305 737 3367 mortuus
757 3305 816 3385 est,
834 3322 907 3366 cum
927 3323 987 3387 ego
1006 3301 1149 3387 quinquo

143 3390 175 3451 et
194 3385 364 3471 sexaginta
382 3408 483 3452 annos
502 3393 598 3454 natus
612 3390 720 3474 legem
733 3387 911 3455 Voconiam
930 3410 1051 3474 magna
1068 3411 1149 3456 voce

63 3510 131 3628 .
142 3475 278 3540 etbonis
293 3474 449 3539 lateribus
460 3476 556 3540 suasi.
574 3473 637 3540 Sed
647 3497 749 3542 annos
759 3475 967 3563 septuaginta
975 3480 1073 3542 natus
1082 3473 1150 3567 (tot
