2476 3848
472 180 711 246 -241-

91 337 185 402 dibus
212 337 398 402 obruerunt.
442 335 545 420 Atqui
571 338 628 402 ille
650 339 828 402 utilitatem
855 337 946 421 sequi
968 321 1096 402 rideba-

90 429 158 508 tur;
181 424 238 489 sed
260 446 298 488 ea
319 424 412 488 nulla
434 429 505 489 erat
526 429 727 510 repugnante
749 425 929 490 honestate.
969 424 1095 489 Themi·
1113 439 1147 489 40

90 513 210 576 atocles
228 516 305 596 post
322 511 492 576 victoriam
511 512 580 577 eius
598 513 685 596 belli,
708 513 794 596 quod
812 535 884 578 cum
898 512 1005 576 Persis
1023 511 1095 595 fuit,

91 600 172 664 dixit
194 600 229 663 in
251 599 400 664 contione
424 620 457 664 se
480 600 600 665 habere
622 600 793 665 consilium
815 600 1028 684 reipublicae
1047 620 1095 664 sa·

92 689 210 771 lutare,
234 687 290 751 sed
313 687 346 751 id
369 687 445 751 seiri
466 709 532 752 non
555 709 635 772 opus
659 710 741 771 esse,
764 688 956 771 postulavit,
979 691 1016 750 ut
1039 687 1096 751 ali·

91 797 186 859 quem
209 775 348 858 populus
372 774 472 859 daret,
495 775 624 858 quicum
642 776 904 859 communicaret3
928 775 1021 839 datus
1045 778 1096 838 est

90 862 265 946 Aristides,
295 861 369 926 huic
391 863 461 944 ille,
487 864 624 928 classem
646 863 986 946 Lacedaemoniorum,
1013 884 1095 946 quae

92 950 249 1015 subducta
271 953 358 1013 esset
381 948 421 1014 ad
444 950 621 1035 Gytheum,
644 952 726 1016 clam
748 951 874 1016 incendi
897 972 1008 1035 posse,
1031 971 1094 1034 quo

90 1039 177 1102 facto
191 1037 300 1122 frangi
311 1037 637 1103 Lacedaemoniorum
652 1061 729 1124 opes
743 1061 873 1104 necesse
887 1042 981 1103 esset.
1004 1037 1096 1113 Quod

91 1125 252 1189 Aristides
276 1147 348 1190 curn
368 1125 519 1207 audisset,
541 1126 776 1191 incentionem
795 1147 915 1212 magna
933 1130 1094 1210 exspecta·

91 1214 179 1278 tione
198 1212 287 1277 venit
306 1211 449 1296 dixitque
468 1213 605 1296 perutile
624 1235 694 1278 esse
713 1214 893 1295 consilium,
911 1213 996 1297 quod
1015 1213 1096 1277 The·

92 1301 256 1365 mistocles
271 1299 423 1383 adferret,
441 1300 497 1363 sed
511 1299 641 1366 minime
655 1300 836 1365 honestum.
868 1301 982 1384 Itaque
996 1298 1096 1364 Athe-

91 1389 228 1472 nienses,
251 1388 337 1471 quod
359 1387 531 1452 honestum
554 1409 620 1452 uon
643 1392 736 1471 esset,
758 1387 791 1450 id
809 1409 849 1452 ne
868 1387 948 1451 utile
968 1388 1095 1470 quidem

92 1479 289 1560 putaverunt
306 1479 475 1557 totamque
493 1496 565 1539 eam
583 1496 661 1557 rem,
680 1496 777 1558 quam
789 1496 830 1538 ne
845 1474 1014 1538 audierant
1029 1475 1096 1558 qui-

94 1564 174 1646 dem,
197 1566 328 1627 auctore
350 1562 495 1626 Aristide
513 1562 771 1647 repudiaverunt.
807 1561 922 1625 Melius
945 1561 979 1625 hi
999 1583 1096 1644 quam

92 1673 165 1734 nos,
189 1650 244 1733 qui
267 1650 390 1733 piratas
413 1649 576 1733 inmunes,
604 1650 708 1715 socios
731 1648 907 1734 vectigales
930 1648 1096 1712 habemus.

158 1737 290 1802 Maneat
317 1759 408 1824 ergo,
440 1737 526 1822 quod
551 1741 646 1821 turpe
673 1737 729 1821 sit,
761 1737 794 1801 id
820 1757 997 1819 numquam
1027 1757 1096 1800 esse
1109 1739 1148 1801 12

93 1826 188 1909 utile,
211 1828 344 1889 netum
367 1825 509 1910 quidem,
531 1847 603 1891 cum
622 1825 668 1908 id,
690 1825 776 1909 quod
799 1846 868 1888 esse
891 1823 970 1888 utile
994 1827 1096 1908 putes,

94 1914 286 1997 adipiscare3
308 1912 371 1978 hoc
394 1914 478 1978 enim
502 1914 622 1998 ipsum,
644 1913 724 1978 utile
746 1916 871 1997 putare,
894 1910 979 1996 quod
1001 1916 1096 1994 turpe

95 2002 151 2085 sit,
183 2001 407 2066 calamitosum
439 2005 497 2067 est.
547 1999 609 2065 Sed
635 2001 793 2083 incidunt,
824 2004 861 2065 ut
894 2022 992 2085 supra
1023 1999 1096 2082 dixi,
1116 2015 1149 2064 50

94 2111 189 2172 saepe
213 2110 336 2172 causae,
359 2110 432 2152 cum
454 2110 634 2175 repugnare
657 2090 783 2155 utilitas
806 2088 970 2153 honestati
992 2087 1098 2152 videa·

93 2181 161 2261 tur,
192 2180 229 2239 ut
262 2176 581 2241 animadvertendum
613 2176 669 2261 sit,
701 2181 899 2261 repugnetne
931 2177 1027 2260 plane
1056 2197 1098 2240 an

94 2264 199 2348 possit
222 2285 294 2329 cum
312 2263 484 2328 honestate
502 2263 662 2348 coniungi.
698 2263 777 2328 Eius
797 2263 924 2349 generis
942 2265 1004 2327 hae
1023 2266 1097 2327 sunt

95 2351 314 2435 quaestiones:
341 2351 370 2415 si
397 2351 536 2434 exempli
563 2350 670 2435 gratia
696 2351 872 2414 virbonus
894 2349 1098 2415 Alexandrea

94 2438 245 2502 Rhodum
263 2459 417 2524 magnum
434 2437 588 2502 frumenti
603 2458 772 2503 numerum
787 2437 951 2502 advexerit
964 2437 998 2500 in
1012 2437 1097 2500 Rho·

95 2526 222 2591 diorum
248 2526 359 2611 inopia
386 2529 418 2590 et
444 2525 530 2589 fame
560 2545 748 2607 summaque
779 2545 925 2588 annonae
953 2523 1097 2605 caritate,

95 2615 124 2678 si
150 2613 235 2678 idem
263 2614 345 2678 sciat
372 2614 553 2698 complures
580 2616 774 2677 mercatores
802 2610 1006 2676 Alexandrea
1036 2610 1098 2673 sol·

95 2701 180 2765 visse
212 2722 374 2783 navesque
404 2701 439 2764 in
470 2721 565 2765 cursu
595 2699 758 2765 frumento
790 2702 924 2764 onustas
950 2699 1097 2781 petentes

95 2787 246 2853 Rhodum
268 2787 395 2871 viderit,
418 2787 601 2852 dicturusne
625 2787 668 2852 sit
689 2787 723 2851 id
745 2785 880 2851 Rhodiis
904 2806 945 2849 an
968 2783 1097 2847 silentio

97 2897 190 2941 suurn
213 2897 311 2959 quam
332 2874 473 2959 plurimo
491 2874 687 2939 venditurus.
724 2871 907 2959 Sapientem
927 2874 960 2935 et
977 2871 1098 2935 bonum
1134 2896 1136 2901 ·

95 2962 200 3027 virum
223 2963 389 3049 fingimus,
412 2962 451 3026 de
474 2962 541 3026 eius
561 2962 791 3026 deliberatione
810 2964 843 3025 et
862 2958 1098 3024 consultatione

96 3050 289 3133 quaerimus,
312 3051 367 3134 qui
390 3051 551 3115 celaturus
574 3049 717 3126 Rhodios
739 3070 805 3113 non
829 3047 880 3131 sit,
904 3047 931 3110 si
953 3047 987 3111 id
1004 3051 1098 3132 turpe

95 3138 223 3222 iudicet,
247 3138 302 3202 sed
325 3137 459 3221 dubitet,
482 3159 524 3202 an
546 3140 640 3222 turpe
662 3158 727 3201 non
750 3136 801 3200 sit.
837 3134 875 3202 In
896 3134 992 3200 huius
1011 3135 1098 3199 modi
1118 3151 1150 3198 51

97 3226 202 3291 causis
230 3224 318 3290 aliud
344 3224 484 3311 Diogeni
510 3223 691 3308 Babylonio
718 3223 821 3289 videri
852 3224 948 3307 solet,
979 3243 1098 3308 magno

98 3317 130 3377 et
158 3314 251 3398 gravi
274 3311 396 3398 Stoice,
423 3313 511 3377 aliud
534 3311 721 3398 Antipatro,
750 3311 906 3397 discipulo
934 3310 1016 3395 eius,
1043 3311 1098 3375 ho·

97 3400 177 3464 mini
196 3401 391 3468 acutissimo.
422 3400 597 3488 Antipatro
617 3400 725 3467 omnia
747 3398 986 3488 patefacienda,
999 3402 1046 3459 ut
1061 3418 1111 3457 ue
1215 3426 1225 3477 '5

97 3487 176 3570 quid
202 3488 344 3568 omnino,
377 3489 463 3576 quod
495 3489 645 3560 venditor
674 3490 787 3578 norit,
817 3491 953 3576 emptor
979 3480 1144 3563 Quies,

138 3601 321 3656 wultensem,
337 3601 384 3650 dtr.
398 3602 521 3661 1111101011.
537 3601 661 3661 &dritten
949 3589 989 3639 11)
