2476 3848
487 187 726 253 -1aa-
797 132 801 139 ’

102 344 188 427 quod
219 347 369 408 teneatur
404 343 572 409 hominum
608 344 770 408 societate.
821 342 965 423 [Etenim
999 342 1108 429 cogni-

30 502 33 507 ,
101 433 224 495 tionem
246 431 515 516 prudentiamque
537 434 690 513 sequetur
712 431 915 496 considerata
938 431 1036 514 aoti03
1059 431 1108 495 ita

101 520 149 602 fit,
171 523 208 583 ut
232 540 328 604 agere
351 519 552 584 considerate
570 518 673 602 pluris
692 518 737 582 sit
755 541 852 603 quam
871 519 1016 604 cogitare
1033 541 1108 603 pru-

102 608 235 686 denter]
289 605 399 690 Atque
435 607 516 671 haee
548 606 676 690 quidem
706 607 871 671 haetenus.
920 606 1107 673 Patefactus

103 695 188 758 enim
211 695 300 759 loeus
324 698 374 759 est
395 694 474 779 ipse,
497 698 622 758 utnon
645 693 776 759 difficile
799 695 842 758 sit
860 695 895 759 in
913 695 1107 779 exquirendo

103 782 219 866 officie,
242 781 319 866 quid
340 782 454 865 ouique
473 782 517 845 sit
534 782 804 866 praeponendum,
826 783 942 847 videre.
978 783 1018 846 In
1035 782 1109 867 ipsa

104 874 212 933 autem
230 869 462 933 communitate
481 873 556 932 sunt
575 869 694 954 gradus
714 869 901 953 officiorum,
925 893 963 934 ex
982 870 1108 954 quibus,

104 957 181 1040 quid
208 957 321 1040 cuique
348 959 505 1040 praestet,
536 957 684 1041 intellegi
710 957 829 1042 possit,
861 961 898 1022 ut
924 958 1031 1042 prima
1059 957 1108 1021 dis

103 1045 340 1126 inmortalibus,
364 1044 503 1109 secunda
524 1045 659 1127 patriae,
681 1045 780 1108 tertia
801 1046 999 1129 parentibus,
1022 1045 1108 1109 dein-

104 1154 178 1217 ceps
207 1132 369 1217 gradatim
396 1131 529 1214 reliquis
558 1132 742 1196 debeantur.
788 1131 910 1208 Quibus
937 1155 975 1196 ex
997 1134 1094 1197 rebus
1110 1147 1160 1196 161

103 1221 247 1285 breviter
274 1219 624 1304 disputatisaintellegi
648 1223 758 1303 potest
779 1241 846 1285 non
869 1220 974 1286 solum
996 1220 1030 1283 id
1052 1220 1108 1285 ho-

104 1308 207 1372 mines
231 1308 335 1371 solere
358 1307 520 1390 dubitare,
547 1307 761 1371 honestumne
784 1329 826 1371 an
848 1311 942 1392 turpe
966 1307 1022 1390 sit,
1052 1307 1109 1371 sed

105 1396 204 1460 etiam
227 1395 351 1459 duobus
373 1394 550 1479 propositis
573 1394 718 1458 honestis
741 1397 851 1459 utrum
868 1395 1037 1459 honestius
1055 1394 1108 1459 sit.

104 1483 166 1547 Hio
185 1485 275 1548 loeus
294 1505 314 1546 a
331 1482 486 1548 Panaetio
506 1486 564 1566 est,
587 1485 624 1546 ut
643 1504 741 1566 supra
759 1481 834 1566 dixi,
851 1482 1109 1567 praetermissus.

104 1569 167 1635 Sed
188 1571 255 1635 iam
278 1569 320 1634 ad
342 1570 468 1654 reliqua
489 1590 673 1655 pergamus.
