2476 3848
531 155 773 220 —534-

152 315 250 401 longe
269 314 349 379 duco
369 313 528 399 sapientia
545 314 618 399 ipsa
635 335 705 379 esse
720 314 969 398 anteponendos.
996 313 1041 381 Et
1055 336 1162 399 quon-

151 402 217 466 iam
245 401 383 466 maxime
410 401 554 486 rapimur
582 402 622 465 ad
650 422 727 486 opes
756 403 918 488 augendas
947 403 1073 488 generis
1098 404 1161 468 hu-

152 489 240 554 mani
263 489 491 572 studemusque
512 489 634 553 nostris
658 488 800 554 consiliis
821 493 853 554 et
872 490 1038 555 laboribus
1056 492 1160 557 tutio

152 598 221 641 rem
249 579 281 640 et
308 577 544 661 opulentiorem
571 576 673 642 vitam
699 576 867 642 hominum
893 577 1025 642 reddere
1052 582 1086 643 et
1115 580 1160 644 ad

151 692 180 743 p.
200 666 263 745 126]
291 664 375 729 hanc
395 665 399 749 Ι
419 664 621 748 voluptatem
647 663 748 748 ipsius
775 668 911 729 naturae
938 665 1079 730 stimulis
1107 666 1160 730 in·

152 752 298 836 citamur,
315 756 481 816 teneamus
501 773 573 816 eum
592 772 729 834 cursum,
747 752 803 836 qui
822 773 947 836 semper
960 751 1023 817 fuit
1037 754 1160 837 optimi

152 839 313 923 cuiusque,
335 860 438 923 neque
461 861 499 903 ea
522 839 616 924 signa
638 838 814 923 audiamus,
838 861 919 922 quae
942 841 1085 925 receptui
1105 864 1160 906 ca-

113 928 302 1052 3nunt,.ut
325 946 379 1026 eoa
403 926 501 1028 etiam
523 929 687 1026 revocent,
706 926 761 1011 qui
783 926 849 991 iam
870 927 1096 1028 processerint.

117 1012 323 1186 catti
325 1015 1158 1186 11011111101911111111111,1111111111

151 1209 217 1272 res,
247 1187 302 1271 qui
331 1187 396 1251 sint
423 1209 457 1252 re
484 1187 614 1272 publica
641 1187 837 1253 defendenda
860 1189 1052 1272 sustinendi,
1082 1191 1156 1256 leve

153 1296 229 1340 sane
256 1275 510 1359 inpedimentum
537 1275 688 1360 vigilanti
716 1278 748 1339 et
776 1275 949 1360 industrio,
976 1298 1080 1360 neque
1105 1299 1157 1342 so-

151 1391 179 1442 p.
198 1365 245 1443 91]
263 1363 331 1427 lum
352 1360 356 1448 Ι
376 1363 410 1426 in
431 1362 533 1427 tantis
555 1362 660 1447 rebus,
684 1362 739 1426 sed
762 1362 861 1427 etiam
882 1364 917 1428 in
938 1364 1156 1429 mediocribus

152 1451 203 1516 vel
231 1450 346 1515 studiis
375 1449 426 1515 vel
456 1449 571 1515 officiis
600 1451 652 1514 vel
683 1471 759 1515 vero
787 1451 885 1515 etiam
912 1451 1053 1537 negotiis
1081 1474 1157 1517 con·

151 1538 366 1602 temnendum.
398 1536 628 1623 Adiunguntur
645 1537 788 1622 pericula
808 1538 903 1622 vitae,
921 1539 1091 1624 turpisque
1111 1541 1154 1605 ab

151 1626 203 1690 his
220 1625 359 1691 formido
374 1625 488 1690 mortis
506 1624 646 1690 fortibus
661 1625 739 1689 viris
753 1625 936 1710 opponitur,
956 1626 1071 1710 quibus
1086 1649 1157 1692 ma-

153 1714 203 1799 gis
222 1712 254 1777 id
273 1714 426 1778 miserum
439 1713 541 1777 videri
555 1713 646 1796 solet,
659 1715 778 1777 natura
792 1733 826 1777 se
840 1714 985 1778 consumi
999 1717 1031 1778 et
1046 1735 1154 1779 senec·

151 1805 231 1885 tute,
246 1822 342 1885 quam
357 1800 419 1864 sibi
433 1799 503 1864 dari
516 1804 654 1885 tempus,
667 1803 704 1863 ut
717 1800 844 1884 possint
858 1822 930 1865 earn
944 1800 1055 1885 vitam,
1069 1823 1155 1886 quae

151 1893 271 1965 tamen,
284 1892 369 1953 esset
391 1886 550 1952 reddenda
572 1892 716 1970 naturae,
738 1909 798 1971 pro
820 1889 928 1972 patria
946 1889 1155 1973 potissimum

151 1976 291 2040 reddere.
340 1975 402 2040 Illo
438 1995 514 2040 vero
552 1995 585 2038 se
621 1976 692 2039 loco
729 1975 876 2058 copiosos
914 1979 946 2039 et
978 1976 1116 2041 disertos
1147 1975 1152 2066 Ι

151 2090 178 2141 p.
199 2066 245 2142 aa]
268 2064 395 2146 putant,
417 2083 490 2125 cum
513 2061 715 2126 calamitates
739 2061 991 2127 clarissimorum
1009 2063 1154 2129 virorum

151 2148 349 2231 iniuriasque
371 2148 410 2211 iis
434 2148 475 2213 ab
498 2149 636 2234 ingratis
659 2148 819 2234 inpositas
843 2150 965 2214 civibus
985 2151 1154 2236 colligunt.

118 2235 236 2301 cHinc
259 2236 343 2300 enim
365 2234 424 2299 illa
449 2240 482 2300 et
505 2237 589 2321 apud
612 2235 751 2301 Graecos
775 2238 935 2321 exempla,
962 2237 1153 2324 Miltiadem,

151 2323 306 2390 victorem
325 2323 578 2408 domitoremque
591 2321 772 2407 Persarum,
790 2325 932 2389 nondum
951 2326 1071 2389 sanatis
1085 2328 1153 2391 vol-

151 2411 282 2477 neribus
304 2410 354 2494 iis,
377 2432 458 2494 quae
482 2432 614 2496 corpore
638 2413 771 2476 adverso
794 2411 829 2475 in
851 2412 1031 2477 clarissima
1053 2412 1154 2478 victo·

151 2500 201 2564 ria
233 2499 421 2583 accepisset,
453 2499 554 2564 vitam
587 2520 625 2563 ex
654 2498 797 2565 hostiurn
827 2499 902 2563 telis
929 2504 1090 2565 servatam
1117 2502 1155 2566 in

151 2586 270 2653 civium
283 2586 397 2650 vinclis
410 2586 601 2671 profudisse,
615 2588 648 2651 et
659 2585 910 2652 Themistoclem
947 2587 1038 2673 atria,
1055 2610 1154 2671 quam

151 2703 178 2754 p.
199 2677 245 2756 73]
273 2673 490 2757 liberavisset,
516 2674 646 2759 pulsum
669 2677 765 2757 atque
787 2610 1007 2760 proterriltum
1029 2697 1094 2740 non
1117 2676 1154 2741 in

152 2760 304 2827 Graeciae
327 2765 441 2846 portus
464 2782 522 2845 per
544 2783 578 2825 se
602 2765 760 2844 servatos,
783 2762 839 2825 sed
861 2762 896 2825 in
918 2763 1087 2827 barbariae
1112 2764 1153 2827 si·

151 2870 211 2913 nus
244 2848 440 2934 confugisse,
473 2870 570 2932 quam
602 2848 782 2932 adflixerat3
813 2871 872 2913 nec
900 2871 976 2914 vero
1007 2851 1152 2916 levitatis

152 2935 399 3001 Atheniensium
422 2936 684 3019 crudelitatisque
706 2936 741 3000 in
763 2937 981 3021 amplissimos
1004 2937 1082 3002 civis
1101 2961 1154 3003 ex·

153 3025 259 3108 empla
286 3024 449 3107 deficiunt3
477 3045 558 3107 quae
586 3027 664 3088 nata
686 3028 719 3088 et
741 3023 947 3108 frequentata
970 3025 1054 3109 apud
1075 3025 1153 3091 illos

153 3110 251 3174 etiam
286 3111 321 3174 in
356 3111 593 3198 gravissumam
629 3111 793 3176 civitatem
824 3116 971 3177 nostram
1003 3112 1153 3178 dicuntur

116 3211 133 3257 o
152 3195 358 3282 redundasse3
380 3221 457 3263 narn
475 3200 527 3264 vel
546 3199 676 3263 exilium
695 3197 824 3263 Camilli
843 3200 895 3264 vel
915 3200 1048 3266 offensio
1067 3221 1153 3266 com·

152 3287 348 3348 memoratur
375 3285 501 3351 Ahalae
532 3287 584 3351 vel
615 3285 735 3350 invidia
761 3285 898 3351 Nasicae
926 3288 978 3352 vel
1005 3288 1152 3373 expulsio

150 3401 178 3451 p.
199 3376 245 3452 74]
268 3371 419 3436 Laenatis
442 3374 494 3438 vel
509 3373 629 3458 Opimii
649 3373 653 3456 Ι
674 3373 837 3438 damnatio
860 3375 912 3438 vel
934 3374 1153 3461 fugaMetelli

71 3418 203 3623 ,111
232 3459 438 3525 acerbissima
465 3459 499 3525 Ο.
520 3461 616 3525 Marii
643 3460 748 3525 clades
775 3461 1012 3547 principumque
1037 3464 1152 3529 caedes
