2476 3848
486 166 727 232 -311-

106 331 235 413 putata,
268 329 373 392 multa
396 327 495 392 etiam
521 327 664 391 breviter
691 330 724 391 et
751 327 918 392 commode
941 327 1027 393 dicta
1049 352 1115 395 me

107 417 230 481 moriae
262 415 457 480 mandabam
483 414 617 498 fierique
645 414 815 479 studebam
846 415 913 479 eius
941 416 1114 500 prudentia

107 505 241 569 doctior.
287 502 356 578 Quo
388 506 517 568 mortuo
549 524 600 566 me
633 502 674 567 ad
706 502 893 587 pontificem
925 501 1113 570 Scaevolam
1184 572 1191 584 ,

107 592 243 675 contuli,
275 613 370 675 quem
401 612 502 655 unum
532 593 664 655 nostrae
696 591 838 656 civitatis
867 594 900 655 εὴ
926 591 1056 677 ingenio
1081 596 1114 656 et

93 680 234 744 iustitia
260 678 577 762 praestantissimum
608 678 710 743 audeo
738 679 851 744 dicere.
897 675 959 743 Sed
986 680 1024 744 de
1051 680 1114 746 hoc

108 768 204 850 alias,
225 789 310 832 nunc
332 767 428 831 redeo
451 766 493 830 ad
515 787 680 851 augurem.

175 853 256 918 Cum
275 875 370 939 saepe
388 855 502 938 multa,
524 857 594 917 tum
613 853 746 918 memini
764 853 852 918 domi
869 853 904 918 in
921 854 1112 939 hemicyclio
1132 865 1149 912 2

108 943 281 1027 sedentem,
303 946 341 1007 ut
364 943 500 1026 solebat,
524 964 597 1007 oum
620 945 653 1005 εὴ
675 963 736 1027 ego
760 963 865 1006 essem
882 964 947 1006 una
964 945 996 1006 et
1018 943 1114 1027 pauci

109 1031 282 1095 admodum
299 1030 486 1112 familiares,
508 1029 542 1093 in
560 1052 634 1094 eum
655 1050 835 1094 sermonem
853 1029 947 1093 illum
965 1030 1114 1114 incidere,

108 1119 165 1203 qui
195 1123 266 1183 tum
297 1118 383 1183 forte
415 1117 527 1183 multis
560 1119 630 1182 erat
656 1117 692 1181 in
718 1139 782 1182 ore.
826 1117 1006 1182 Meministi
1028 1118 1114 1183 enim

108 1206 272 1292 profecto,
295 1205 419 1291 Attice,
447 1209 480 1270 εὴ
503 1227 540 1270 eo
563 1205 683 1290 magis,
715 1205 801 1289 quod
822 1203 857 1269 P.
881 1202 1023 1290 Sulpicio
1047 1210 1114 1270 ute

108 1295 186 1359 bare
218 1295 371 1378 multum,
406 1316 478 1359 oum
504 1293 533 1357 is
565 1293 715 1356 tribunus
748 1293 791 1377 pl.
824 1293 957 1377 capitali
990 1294 1062 1359 odio
1095 1317 1115 1358 a

108 1382 145 1457 Q.
168 1380 333 1465 Pompeio,
356 1382 505 1465 quitum
528 1384 598 1446 erat
621 1381 747 1462 consul,
770 1380 952 1464 dissideret,
976 1403 1114 1465 quocum

109 1469 371 1535 coniunctissime
398 1473 431 1533 et
458 1468 680 1533 amantissime
709 1468 847 1551 vixerat,
879 1471 1001 1550 quanta
1029 1472 1114 1532 esset

108 1558 276 1622 hominum
298 1557 351 1624 vel
372 1556 543 1621 admiratio
556 1557 608 1621 vel
624 1555 776 1639 querella.
808 1555 922 1638 Itaque
936 1559 1007 1620 tum
1022 1554 1113 1620 Scae·
1132 1565 1149 1614 3

108 1647 184 1711 vola
202 1667 275 1710 cum
288 1645 324 1709 in
342 1667 414 1709 eam
432 1645 538 1728 ipsam
556 1643 753 1709 mentionem
769 1642 943 1727 incidisset,
966 1643 1115 1727 exposuit

107 1733 202 1799 nobis
233 1755 414 1798 sermonem
437 1732 529 1796 Laeli
563 1732 601 1796 de
634 1731 777 1796 amicitia
803 1730 953 1795 habitum
987 1731 1027 1795 ab
1054 1731 1114 1796 illo

109 1843 217 1887 secum
249 1824 282 1885 εὴ
316 1844 389 1887 cum
417 1820 520 1885 altero
551 1841 679 1905 genero,
709 1817 744 1884 O.
766 1818 890 1883 Fannio
913 1819 1015 1884 Marci
1037 1820 1115 1903 filio,

109 1910 220 1993 paucis
244 1909 356 1973 diebus
379 1912 455 1993 post
478 1911 617 1972 mortem
639 1907 794 1972 Africani.
823 1906 902 1971 Eius
924 1907 1120 1991 disputatio·

96 1997 160 2060 nis
185 1997 362 2060 sententias
385 1995 559 2060 memoriae
583 1996 742 2079 mandavi,
766 2017 845 2079 quas
868 1995 931 2060 hoc
953 1996 1039 2060 libro
1064 2017 1115 2059 ex·

109 2085 203 2166 posui
227 2084 389 2149 arbitratu
411 2106 499 2167 meo,
522 2084 616 2167 quasi
639 2084 724 2148 enim
745 2084 835 2166 ipsos
853 2082 965 2147 induxi
982 2083 1115 2167 loquen-

110 2175 170 2253 tes,
192 2192 232 2234 ne
256 2171 434 2255 ‘inquam'
457 2175 490 2236 et
520 2171 671 2255 ‘inquit'
695 2172 823 2256 saepius
846 2172 1115 2255 interponeretur,

111 2262 208 2409 aitque
231 2261 268 2321 ut
294 2262 462 2342 tamquam
490 2282 509 2324 a
535 2259 760 2344 praesentibus
789 2282 899 2325 coram
925 2260 1040 2324 haberi
1068 2259 1115 2325 vi·

134 2349 249 2409 eretur.

178 2431 260 2496 Cum
291 2433 376 2497 enim
404 2455 499 2518 saepe
526 2456 651 2498 mecum
679 2455 804 2519 ageres,
828 2436 873 2498 ‘ut
906 2433 944 2496 de
972 2434 1151 2498 amicitia4

111 2521 285 2586 scriberem
309 2520 439 2605 aliquid,
462 2522 561 2607 digna
581 2521 661 2585 mihi
684 2543 735 2585 res
754 2543 826 2584 cum
845 2520 989 2585 omnium
1007 2521 1116 2604 cogni·

110 2610 208 2692 tione,
231 2611 302 2673 tum
324 2613 437 2674 nostra
459 2608 682 2673 familiaritate
710 2608 780 2673 visa
808 2611 866 2672 est.
911 2606 1026 2691 Itaque
1053 2607 1116 2671 feci

17 2749 21 2757 .
110 2719 177 2762 non
198 2697 330 2781 invitus,
352 2701 390 2761 ut
412 2697 601 2781 prodessem
623 2696 735 2761 multis
758 2700 876 2780 rogatu
894 2698 961 2759 tuo.
994 2692 1056 2759 Sed
1078 2698 1115 2760 ut

110 2785 145 2848 in
175 2783 297 2849 Catone
319 2785 456 2868 Maiore,
488 2785 544 2868 qui
570 2788 621 2848 est
648 2784 786 2867 scriptus
815 2783 856 2848 ad
882 2786 915 2847 te
943 2783 981 2847 de
1010 2805 1115 2848 senec-

111 2875 195 2953 tute,
223 2871 381 2937 Catonem
400 2872 512 2937 induxi
535 2894 644 2937 senem
667 2872 901 2956 disputantem,
925 2871 1001 2954 quia
1022 2871 1115 2935 nulla

110 2958 282 3023 videbatur
305 2961 413 3045 aptior
435 2981 582 3044 persona,
606 2981 687 3043 quae
711 2959 749 3023 de
768 2959 827 3023 illa
846 2961 952 3023 aetate
971 2960 1116 3043 loquere-

110 3051 179 3129 tur,
203 3068 300 3129 quam
324 3048 405 3133 eius,
428 3048 484 3132 qui
507 3051 540 3112 et
563 3046 743 3112 diutissime
767 3069 863 3111 senex
884 3047 1001 3112 fuisset
1024 3051 1056 3112 et
1081 3047 1116 3112 in

110 3136 183 3220 ipsa
206 3139 369 3200 senectute
391 3140 521 3221 praeter
544 3140 667 3200 ceteros
690 3134 863 3218 floruisset,
886 3135 946 3220 sic,
970 3157 1044 3201 cum
1067 3157 1116 3201 ac·

110 3223 305 3307 cepissemus
332 3247 352 3289 a
373 3224 521 3309 patribus
545 3223 684 3287 maxime
707 3223 951 3288 memorabilem
970 3223 1004 3288 O.
1023 3223 1115 3288 Laeli

110 3315 143 3375 et
179 3311 214 3377 P.
245 3310 403 3397 Scipionis
439 3310 698 3375 familiaritatem
734 3311 848 3396 fuisse,
883 3311 999 3376 idonea
1035 3312 1117 3376 mihi

109 3399 200 3464 Laeli
222 3422 362 3484 persona
384 3400 459 3479 visa
478 3402 543 3483 est,
572 3420 654 3482 quae
678 3399 717 3464 de
740 3399 883 3465 amicitia
905 3422 944 3464 ea
962 3400 1035 3484 ipsa
1054 3399 1116 3464 dis·

109 3491 246 3572 sereret,
279 3508 361 3571 quae
390 3487 555 3572 disputata
587 3487 628 3552 ab
657 3508 694 3553 eo
722 3487 923 3554 meminisset
950 3485 1117 3554 Scaevola.
1153 3572 1158 3583 Ι
