2476 3848
441 114 766 210 ’-4ιιι-

144 305 234 370 dines
267 304 466 387 accederent,
495 325 621 368 summa
651 325 690 367 ea
719 303 824 386 fieret,
852 324 933 386 quae
961 323 1028 367 non
1060 305 1162 369 susti·

145 396 283 456 neretur.

90 451 133 575 118
211 479 273 555 Qui
291 479 421 543 modum
444 479 546 564 igitur
564 479 645 542 vitio
669 479 808 562 quaerit,
832 477 947 542 similit
933 482 983 542 ter
1004 477 1096 563 facit,
1120 484 1162 544 ut

90 1027 125 1076 42

95 2199 129 2247 43

90 527 173 632 41si
194 588 291 650 posse
313 570 408 651 putet
429 587 516 650 eum,
538 566 594 650 qui
618 588 651 630 se
675 587 692 630 e
714 565 856 631 Leucata
880 565 1160 652 praecipitaverit,

144 656 303 720 sustinere
331 676 378 738 se,
407 675 479 719 cunr
502 654 587 719 velit
633 651 679 719 Ut
701 654 788 718 enim
810 653 843 718 id
865 675 931 719 non
953 657 1075 736 potest,
1108 657 1159 720 sic

144 744 270 808 animus
287 742 496 827 perturbatus
516 744 548 805 et
570 741 725 806 incitatus
744 763 803 807 nec
822 741 972 806 cohibere
991 763 1024 805 se
1043 745 1160 826 potest

143 829 710 1001 ltrtltllttlhttth
733 851 949 982 hithe
970 849 1158 1003 ittet,

145 1006 312 1091 aegritudo
345 1009 451 1071 autem
484 1008 671 1090 ceteraeque
702 1009 774 1090 pert
760 1005 880 1070 tt'urba
856 1008 980 1087 t,10nes
1017 1006 1157 1089 amplifi-

144 1098 235 1160 catae
268 1098 366 1198 certe,
396 1092 569 1178 pestiferae
601 1097 689 1178 sunt,
720 1094 782 1179 igit
783 1116 822 1158 ur
853 1092 952 1159 etiam
984 1096 1157 1178 susceptae
1185 1099 1188 1102 ⁴

144 1179 338 1249 continuo'
329 1207 362 1249 m
395 1204 513 1269 magna
544 1181 644 1266 pestis
672 1186 764 1264 parte
792 1186 969 1246 versantur.
1020 1180 1156 1247 Etenim

143 1271 233 1354 ipsae
253 1293 286 1336 se
304 1271 488 1354 impellunt,
510 1270 566 1334 ubi
586 1270 686 1334 semel
705 1291 724 1332 a
745 1269 870 1334 ratione
892 1269 1069 1334 discessum
1094 1275 1155 1351 est,

144 1360 278 1442 ipsaque
315 1358 378 1422 sibi
407 1358 603 1423 inbecillitas
637 1357 827 1441 indulget
817 1379 852 1420 m
884 1358 1047 1440 altumque
1079 1380 1155 1440 pro-

143 1446 272 1511 vehitur
285 1444 470 1528 imprudens
484 1466 542 1509 nec
555 1445 676 1528 reperit
690 1446 797 1509 locum
812 1444 1017 1509 consistendi.
1045 1442 1153 1520 Quam

144 1534 273 1599 obrem
291 1533 373 1598 nihil
393 1533 539 1609 interest,
562 1535 670 1596 utrum
688 1533 872 1597 moderatas
891 1531 1152 1615 perturbationes

145 1623 325 1704 adprobent
343 1642 384 1684 an
403 1620 603 1684 moderatam
621 1619 823 1703 iniustitiam,
842 1620 1042 1685 moderatam
1060 1620 1153 1704 igna-

144 1710 243 1791 viam,
282 1708 481 1771 moderatam
513 1708 563 1770 int
549 1708 815 1808 temperantiam3
853 1708 908 1791 qui
944 1708 1030 1772 enim
1062 1710 1154 1774 vitiis

144 1759 274 1860 moddm
307 1795 453 1878 apponit,
487 1795 516 1858 is
546 1797 671 1876 partem
704 1794 838 1876 suscipit
868 1795 1035 1878 vitiorum,
1067 1797 1154 1879 quod

144 1905 216 1947 cum
248 1883 355 1983 ipsum
382 1904 440 1964 per
467 1903 502 1945 se
530 1881 676 1946 odiosum
712 1885 774 1965 est,
805 1887 875 1946 tum
907 1903 944 1946 eo
976 1883 1153 1966 molestius,

144 1971 220 2055 quia
243 1970 352 2034 sunt
342 1991 376 2031 m
399 1968 523 2032 lubrico
547 1969 647 2031 incita
628 1971 745 2053 ataque
764 1969 863 2032 semel
880 1969 1017 2051 proclivi
1036 1970 1153 2034 labun-

144 2062 198 2121 tur
221 2056 435 2138 sustinerique
458 2055 547 2119 nullo
571 2055 677 2119 modo
688 2059 834 2158 possunt
1012 2072 1015 2077 '

114 2123 134 2186 9
211 2143 307 2227 Quid,
331 2143 416 2228 quod
434 2142 532 2206 iidem
550 2141 724 2225 Peripatet
715 2145 755 2208 rei
778 2143 958 2226 perturbat
948 2165 1038 2208 1ones
1061 2145 1154 2228 istas,

144 2253 225 2316 quas
251 2251 311 2295 nos
339 2229 545 2314 extirpandas
573 2233 737 2314 putamus,
768 2252 834 2295 non
866 2231 961 2295 modo
990 2233 1153 2298 naturalis

144 2335 214 2383 esse
233 2318 355 2403 dicunt,
378 2319 434 2383 sed
453 2318 549 2383 etiam
567 2319 692 2382 utiliter
711 2341 730 2382 a
747 2323 865 2384 natura
885 2320 991 2403 datas3
1015 2341 1153 2404 quorum

144 2411 196 2472 est
226 2406 303 2471 talis
335 2407 447 2471 oratio.
497 2406 641 2470 Primum
671 2407 782 2472 multis
814 2409 921 2473 verbis
953 2409 1152 2473 iracundiam

143 2495 289 2576 laudant,
317 2498 422 2559 cotem
448 2493 648 2558 fortitudinis
676 2516 746 2559 esse
774 2496 895 2579 dicunt,
926 2497 1090 2581 multoque
1120 2500 1154 2561 et

144 2584 178 2648 in
205 2582 332 2647 hostem
360 2586 393 2647 et
418 2583 454 2646 ιἰι
480 2582 657 2665 inprobum
680 2583 780 2646 civem
803 2583 1059 2648 vehementiores
1087 2584 1152 2648 ira-

143 2674 252 2734 torum
279 2671 418 2754 impetus
446 2691 528 2754 esse,
556 2669 635 2733 levis
664 2674 771 2735 autem
804 2673 1001 2736 ratiunculas
1032 2692 1153 2755 eorum,

97 2825 99 2828 ,
144 2759 199 2842 qui
229 2758 277 2821 ita
304 2759 498 2841 cogitarent:
542 2756 719 2821 ‘Proelium
746 2762 868 2823 rectum
897 2762 947 2824 est
977 2759 1041 2823 hoc
1071 2759 1153 2843 fieri,

92 3390 128 3607 l

144 2846 295 2909 convenit
318 2846 467 2909 dimicare
490 2866 550 2927 pro
573 2845 713 2928 legibus,
736 2868 795 2927 pro
818 2846 983 2930 libertate,
1012 2860 1080 2930 pro‘
1094 2870 1151 2930 pa·

143 2932 229 2997 tria'
278 2933 368 2997 Haec
394 2934 517 2997 nullam
545 2933 668 2997 habent
694 2934 773 3016 vim,
804 2935 869 2998 nisi
900 2935 949 2998 ira
982 2935 1154 2999 excanduit

143 3019 310 3084 fortitudo.
354 3019 422 3085 Nec
444 3042 520 3084 vero
546 3019 585 3083 de
608 3021 819 3086 bellatoribus
843 3022 948 3087 solum
972 3022 1153 3107 disputant,

143 3107 279 3188 imperia
306 3107 466 3172 severiora
493 3109 583 3172 nulla
606 3129 675 3172 esse
702 3113 819 3193 putant
842 3109 910 3174 sine
934 3110 1043 3193 aliqua
1066 3130 1154 3174 acer-

143 3193 247 3257 bitate
215 3193 471 3278 tiracundiae3
499 3200 660 3261 oratorem
689 3197 825 3281 denique
851 3219 918 3262 non
941 3198 1037 3263 modo
1061 3218 1153 3263 accu-

145 3285 283 3365 santem,
323 3282 379 3345 sed
410 3305 450 3346 ne
482 3284 704 3349 defendentem
741 3285 869 3368 quidem
905 3285 1046 3370 probant
1082 3285 1155 3350 sine

144 3369 262 3432 aculeis
300 3368 497 3453 iracundiae,
537 3393 619 3456 quae
651 3372 780 3436 etiamsi
811 3395 875 3438 non
908 3373 1007 3457 adsit,
1041 3375 1156 3439 tamen

142 3457 250 3521 verbis
280 3459 377 3543 atque
405 3421 497 3522 motti
525 3460 739 3525 simulandam
768 3460 978 3543 arbitrantur,
1006 3463 1044 3526 ut
1066 3461 1156 3527 audi·
