2476 3848
553 171 794 237 -256—

169 335 256 397 emat
280 330 420 413 denaria,
442 322 528 414 quod
551 328 594 393 sit
617 329 705 392 mille
729 326 927 392 denarium?
963 326 1174 412 Perspicuum

170 424 219 484 est
241 419 316 501 iam,
340 417 472 501 etquid
495 416 575 482 mihi
597 415 759 499 videatur,
782 419 815 479 et
838 437 920 498 quae
943 415 986 480 sit
1008 416 1094 481 inter
1117 439 1174 484 eos

168 506 394 591 philosophos,
418 526 498 588 quos
521 504 699 587 nominavi,
722 504 950 568 controversia.

117 596 160 660 24
233 593 334 659 Ρ1111
357 597 389 657 11
411 592 573 677 promissa
600 613 766 676 semperne
790 591 948 655 servanda
971 591 1049 676 sint,
1078 597 1173 670 Quale

169 699 236 746 nac
260 697 387 747 v1xnc
411 697 506 745 nono
530 696 639 761 uano,
668 682 704 743 ut
727 683 892 763 praetores
917 679 1035 761 solent,
1059 698 1174 746 ruera

171 787 258 835 slnr.
290 766 324 833 Si
339 769 410 852 quis
425 768 691 832 medicamentum
706 766 845 850 cuipiam
860 767 982 830 dederit
996 767 1037 831 ad
1055 790 1175 851 aquam

169 858 361 922 intercutem
379 855 610 940 pepigeritque,
634 855 662 918 si
680 875 717 918 1ο
737 854 970 919 medicamento
990 876 1087 920 sanus
1109 856 1175 922 fao·

171 949 224 1010 tus
248 948 342 1026 esset,
363 965 404 1006 ne
427 943 484 1006 illo
508 943 739 1006 medicamento
764 964 915 1025 umquam
938 946 1053 1026 postea
1070 948 1174 1009 utere-

171 1036 239 1112 tur,
263 1032 291 1095 si
314 1053 351 1095 eo
375 1030 606 1094 medicamento
630 1051 726 1094 sanus
749 1028 854 1094 faetus
878 1030 921 1093 sit
944 1034 976 1093 et
1000 1031 1093 1095 annia
1117 1033 1175 1097 ali·

173 1122 251 1202 quot
281 1121 357 1203 post
388 1118 535 1182 inciderit
566 1117 600 1182 in
631 1117 765 1182 eundem
796 1118 944 1182 morbum
971 1140 1029 1183 nee
1057 1120 1098 1183 ab
1127 1141 1175 1202 eo,

173 1207 301 1290 quicum
323 1206 505 1290 pepigerat,
532 1206 697 1288 impetret,
725 1209 761 1270 ut
788 1206 905 1268 iterum
933 1227 970 1269 eo
996 1206 1093 1271 liceat
1115 1208 1174 1291 uti,

173 1294 248 1379 quid
272 1293 452 1358 faciendum
476 1294 528 1358 sit.
573 1291 653 1358 Cum
677 1293 720 1356 sit
743 1293 771 1356 is
794 1293 1002 1376 inhumanus,
1031 1295 1175 1376 quinon

172 1382 334 1464 concedat,
356 1402 414 1445 nee
438 1381 467 1444 ei
488 1381 657 1464 quicquam
676 1381 734 1445 fiat
752 1381 896 1464 iniuriae,
919 1381 1005 1444 vitae
1024 1385 1056 1444 et
1075 1382 1175 1447 saluti

120 1487 152 1536 93
173 1469 411 1535 consulendum.
461 1467 565 1543 Quid?
598 1469 626 1532 si
654 1468 709 1551 qui
737 1468 865 1552 sapiens
892 1472 1027 1553 rogatus
1056 1469 1099 1532 sit
1132 1471 1173 1535 ab

172 1580 219 1641 1ο,
243 1558 297 1640 qui
316 1579 389 1621 eum
409 1557 557 1620 heredem
576 1555 684 1638 faciat,
707 1578 778 1620 eum
797 1556 826 1620 ei
845 1559 1040 1622 testamento
1060 1561 1175 1622 sester-

172 1646 254 1709 tium
282 1645 386 1709 milies
414 1645 628 1727 relinquatur,
655 1647 705 1725 ut,
735 1647 810 1709 ante
837 1666 934 1726 quam
960 1645 1175 1710 hereditatem

173 1732 280 1813 adeat,
308 1733 378 1796 luce
400 1733 508 1815 palam
532 1732 565 1794 in
591 1729 663 1794 foro
691 1732 801 1813 saltet,
829 1731 924 1815 idque
953 1754 987 1797 se
1013 1731 1176 1796 facturum

172 1820 371 1904 promiserit,
402 1819 485 1902 quod
514 1819 608 1881 aliter
634 1817 784 1882 heredem
812 1841 885 1883 eum
913 1820 1089 1904 scripturus
1117 1820 1175 1884 ille

173 1929 238 1972 non
261 1910 354 1987 esset,
377 1905 485 1986 faeiat,
508 1904 592 1987 quod
612 1905 805 1987 promiserit,
827 1907 949 1971 neene‘?
981 1906 1174 1972 Promisisse

172 1995 294 2058 nollem
317 1998 349 2057 et
372 1992 403 2055 id
427 1993 568 2055 arbitror
590 1991 689 2055 fuisse
713 1993 898 2078 gravitatis,
926 1994 1079 2076 quoniam
1102 2017 1175 2079 pro·

174 2081 275 2161 misit,
306 2081 333 2143 si
357 2080 475 2144 saltare
498 2079 532 2143 in
553 2078 624 2144 foro
649 2083 742 2164 turpe
765 2081 871 2165 ducet,
898 2081 1065 2145 honestius
1089 2103 1176 2146 men-

173 2168 281 2248 tietur,
304 2168 332 2230 si
355 2189 393 2231 ex
415 2167 595 2231 hereditate
616 2167 698 2231 nihil
723 2168 851 2252 ceperit,
874 2190 971 2250 quam
994 2168 1021 2233 si
1045 2169 1177 2254 ceperit,

173 2255 236 2319 nisi
259 2255 343 2318 forte
366 2277 437 2318 eam
459 2255 627 2338 pecuniam
649 2256 684 2318 in
706 2255 753 2319 rei
774 2255 922 2339 publicae
946 2278 1099 2343 magnum
1119 2258 1177 2323 ali-

175 2342 259 2425 quod
281 2347 409 2426 tempus
432 2342 618 2426 contulerit,
646 2346 683 2407 ut
710 2343 762 2407 vel
789 2344 922 2427 saltare,
950 2366 1022 2410 eum
1049 2346 1177 2431 patriae

174 2431 378 2494 consulturus
402 2430 460 2513 sit,
482 2434 577 2514 turpe
599 2452 664 2494 non
688 2431 738 2495 sit.

121 2489 164 2615 ἓξ)
240 2517 288 2582 Α1
310 2539 350 2581 ne
373 2518 432 2581 illa
456 2518 583 2600 quidem
605 2519 765 2602 promissa
793 2519 950 2584 servanda
977 2523 1066 2602 sunt,
1093 2541 1177 2603 quae

173 2628 239 2671 non
262 2609 337 2670 sunt
359 2605 399 2668 iis
422 2605 502 2687 ipsis
525 2605 634 2688 utilia,
658 2607 774 2689 quibus
797 2606 855 2670 illa
877 2606 1073 2690 promiseris.
1119 2605 1176 2672 Sol

173 2693 371 2758 Pha'e'thonti
392 2693 470 2774 filio,
492 2696 529 2756 ut
551 2693 718 2757 redeamus
742 2693 782 2757 ad
802 2692 939 2777 fabulas,
962 2694 1123 2759 facturum
1142 2717 1177 2760 se

173 2803 242 2844 esse
271 2781 364 2862 dixit,
392 2780 543 2863 quiequid
565 2784 724 2864 optasset3
752 2781 894 2866 optavit,
921 2785 959 2846 ut
985 2782 1020 2846 in
1046 2804 1177 2847 currum

173 2868 276 2951 patris
304 2868 485 2949 tolleretur,
515 2868 662 2932 sublatus
687 2872 745 2932 est.
789 2866 893 2953 Atqui
915 2869 956 2951 is,
979 2872 1055 2934 ante
1078 2892 1177 2954 quam

174 2956 336 3038 constitit,
371 2955 438 3019 ie'tu
473 2954 617 3018 fulminis
650 2955 848 3040 deflagravit.
902 2955 1029 3032 Quanto
1061 2958 1178 3023 melius

173 3040 280 3104 fuerat
306 3041 342 3104 in
367 3041 429 3107 hoe
455 3043 651 3126 promissum
678 3042 782 3126 patris
808 3064 874 3108 non
901 3065 971 3109 esse
999 3047 1177 3109 servatum!

175 3126 271 3209 Quid,
308 3129 393 3210 quod
420 3129 563 3193 Theseus
597 3131 704 3215 exegit
730 3130 927 3214 promissum
955 3154 975 3197 a
1000 3130 1179 3217 Neptuno?

175 3214 225 3279 eui
255 3236 326 3278 eum
358 3219 425 3279 tres
458 3217 640 3299 optationes
668 3216 838 3302 Neptunus
866 3218 1020 3303 dedisset,
1051 3219 1180 3306 optavit

173 3302 341 3366 interitum
359 3298 532 3386 Hippolyti
553 3305 622 3388 filii,
645 3327 718 3371 eum
739 3304 768 3370 is
791 3306 879 3391 patri
902 3311 1069 3392 suspectus
1093 3311 1181 3372 esset

175 3390 212 3454 de
231 3411 382 3473 noverca,
406 3412 468 3475 quo
488 3395 601 3474 optato
620 3393 794 3478 impetrato
808 3393 952 3460 Theseus
966 3396 1000 3460 in
1018 3395 1180 3460 maxumis

65 3430 155 3629 ³⁶
174 3477 236 3543 fuit
255 3478 405 3545 luctibus.
447 3476 538 3563 Quid,
560 3482 641 3562 quod
657 3480 883 3567 Agamemnon
901 3505 974 3550 eum
995 3483 1182 3549 devovisset
