2476 3848
468 165 709 232 ..455-

88 326 214 409 legatos
235 324 406 389 aduenam
427 325 463 388 in
481 324 703 408 Academiam3
725 324 766 389 iis
785 325 936 408 apposuit
957 328 1093 408 tantum,
1187 377 1188 380 ,

89 411 174 496 quod
198 413 278 476 satis
308 416 405 495 esset,
430 413 522 477 nullo
546 416 712 496 apparatu.
758 411 839 478 (lum
866 413 1020 495 postridie
1043 435 1092 478 ro·

88 504 204 586 garant
227 522 314 583 eum,
341 502 393 566 cui
419 502 582 565 numerari
609 501 746 579 iuberet,
775 500 916 577 ‘Quidr
937 523 1003 566 vos
1028 501 1093 565 he·

90 587 251 670 sterna,'
287 589 404 673 inquit,
444 588 595 653 ‘cenula
629 610 705 653 non
740 589 996 654 intellexistis
1037 611 1093 652 me

89 676 254 760 pecunia
275 698 351 741 non
375 676 523 761 egerel'
569 676 654 752 Quos
677 698 750 742 eum
771 677 931 742 tristiores
953 677 1094 759 vidisset,

88 765 223 848 triginta
244 765 349 830 minas
369 765 501 848 accepit,
519 786 560 829 ne
578 764 745 848 aspernari
762 767 849 850 regis
866 765 1094 831 liberalitatem

90 853 259 917 rideretur.
312 854 358 917 At
389 874 464 918 vero
497 851 659 936 Diogenes
694 852 840 936 liberius,
876 858 913 919 ut
947 852 1093 939 Cynicus,
1112 865 1147 914 aa

90 941 274 1005 Alexandro
310 941 452 1025 roganti,
487 945 524 1005 ut
556 941 688 1024 diceret,
721 941 749 1005 si
780 941 855 1026 quid
887 963 967 1026 opus
1000 946 1094 1024 esset,

91 1027 213 1093 ‘Nunc
237 1027 385 1113 quidem
409 1026 636 1112 paululum',
665 1029 783 1112 inquit,
806 1029 842 1094 ‘a
865 1029 966 1094 sole'
1012 1029 1094 1094 Offe-

92 1121 179 1182 cerat
209 1116 358 1181 videlicet
390 1117 557 1200 apricanti.
612 1115 657 1180 rt
688 1116 741 1181 hic
773 1118 899 1201 quidem
931 1117 1095 1201 disputare

91 1205 228 1287 solebat,
256 1209 377 1287 quanto
404 1224 513 1288 regem
540 1205 710 1268 Persarum
733 1205 801 1269 vita
828 1205 1021 1290 fortunaque
1045 1227 1095 1270 su·-

90 1295 231 1377 peraret;
249 1292 311 1357 sibi
328 1292 412 1357 nihil
430 1293 555 1376 deesse,
578 1292 626 1356 illi
645 1292 726 1356 nihil
746 1293 825 1357 satis
843 1315 995 1378 umquam
1012 1294 1094 1376 fore;

89 1403 125 1445 se
157 1381 225 1445 eius
252 1380 435 1463 voluptates
462 1401 529 1444 non
559 1379 752 1463 desiderare,
778 1381 894 1464 quibus
921 1402 1095 1465 numquam

92 1468 205 1533 satiari
217 1468 273 1532 ille
287 1471 406 1552 posset,
425 1489 499 1532 suas
518 1489 591 1531 eum
606 1469 755 1552 consequi
773 1468 970 1533 nullomodo
991 1490 1095 1551 posse.

158 1556 271 1638 Vides,
294 1555 402 1639 credo,
429 1559 466 1619 ut
487 1555 645 1638 Epicurus
669 1556 880 1639 cupiditatum
907 1577 1026 1641 genera
1049 1556 1094 1620 di·
1105 1525 1148 1651 ξιξ

91 1645 217 1726 riserit,
243 1665 310 1708 non
335 1643 432 1707 nimis
459 1643 597 1708 fortasse
625 1644 799 1727 subtiliter,
826 1643 950 1708 utiliter
977 1648 1095 1727 tamen,

92 1733 213 1815 partim
231 1753 301 1796 esse
317 1731 482 1797 naturales
508 1735 540 1795 et
557 1732 766 1815 necessarias,
789 1731 907 1815 partim
931 1733 1095 1796 naturales

90 1825 126 1894 et
142 1841 209 1884 non
224 1820 430 1903 necessarias,
448 1821 568 1904 partim
586 1824 748 1904 neutrum3
766 1821 964 1885 necessarias
984 1820 1096 1884 satiari

92 1929 186 1992 posse
213 1929 313 1991 paene
340 1908 456 1990 nihilo;
483 1908 613 1973 divitias
637 1908 721 1973 enim
748 1912 883 1973 naturae
912 1929 980 1972 esse
1003 1929 1095 1992 para-

93 1997 187 2080 biles3
210 1998 384 2061 secundum
407 2000 514 2060 autem
537 2017 638 2081 genus
662 1997 874 2080 cupiditatum
896 2018 956 2061 nec
979 1996 1019 2062 ad
1040 2018 1096 2080 po·

93 2084 237 2146 tiendum
266 2084 394 2148 difficile
422 2105 491 2148 esse
518 2089 627 2149 censet
652 2106 711 2149 nec
739 2107 815 2150 vero
851 2084 892 2149 ad
910 2085 1096 2168 carendum3

93 2171 220 2251 tertias,
247 2171 334 2254 quod
356 2175 464 2235 essent
490 2172 586 2255 plane
613 2173 723 2238 inanes
746 2194 848 2256 neque
870 2173 1097 2238 necessitatem

93 2256 203 2338 modo,
231 2257 286 2320 sed
312 2278 352 2320 ne
380 2262 528 2322 naturam
557 2260 686 2341 quidem
713 2260 921 2344 attingerent,
953 2261 1097 2325 funditus

95 2343 251 2409 eiciendas
278 2343 413 2426 putavit.
458 2343 529 2410 Hoc
555 2346 625 2410 loco
656 2347 759 2412 multa
782 2349 823 2412 ab
845 2348 1013 2431 Epicureis
1037 2348 1097 2411 dis·
1116 2359 1150 2408 94

94 2434 263 2515 putantur,
296 2450 413 2515 eaeque
441 2433 622 2515 voluptates
651 2434 840 2518 singillatim
873 2438 1097 2516 extenuantur,

96 2541 229 2604 quarum
272 2540 390 2604 genera
424 2540 489 2584 non
527 2523 750 2600 contemnunt,
790 2526 949 2606 quaerunt
988 2525 1097 2587 tamen

96 2609 230 2693 copiam.
287 2606 372 2672 Nam
408 2611 441 2672 et
476 2608 630 2673 obscenas
667 2610 863 2693 voluptates,
903 2609 942 2672 de
983 2610 1097 2695 quibus

96 2699 197 2761 multa
225 2696 265 2761 ab
292 2695 357 2760 illis
384 2696 523 2760 habetur
551 2697 667 2780 oratio,
694 2697 814 2781 facilis,
844 2697 1035 2781 communis,
1064 2698 1099 2763 in

96 2786 201 2848 medio
235 2785 313 2848 sitas
346 2806 413 2848 esse
445 2783 567 2868 dieunt,
599 2807 715 2870 easque
743 2785 770 2850 si
796 2789 913 2851 natura
948 2785 1098 2869 requirat,

95 2892 162 2936 non
189 2891 304 2955 genere
332 2875 389 2936 aut
415 2871 486 2937 loeo
515 2877 571 2937 aut
598 2873 723 2957 ordine,
753 2874 809 2939 sed
836 2873 953 2957 forma,
985 2876 1099 2957 aetate,

96 2960 200 3044 figura
227 2959 403 3023 metiendas
431 2963 561 3044 putant,
589 2962 630 3026 ab
658 2962 759 3047 iisque
785 2962 945 3027 abstinere
968 2961 1099 3026 minime

97 3067 165 3116 esse
193 3046 337 3129 difficile,
365 3048 394 3111 ai
421 3051 478 3113 aut
504 3049 654 3114 valetudo
682 3053 738 3114 aut
765 3049 907 3114 officium
929 3053 986 3114 aut
1011 3049 1099 3114 fama

96 3134 251 3218 postulet,
279 3135 470 3219 omninoque
498 3157 599 3221 genus
630 3138 691 3203 hoc
722 3138 925 3223 voluptatum
957 3138 1099 3220 optabile

97 3243 179 3306 esse,
196 3223 312 3287 sinon
331 3223 431 3306 obsit,
453 3224 607 3307 prodesse
624 3247 807 3309 numquam.
842 3225 1021 3310 Totumque
1039 3226 1099 3289 hoc
1119 3239 1152 3286 aa

98 3311 136 3374 de
162 3309 329 3395 voluptate
357 3311 403 3376 sic
430 3312 485 3376 ille
513 3313 681 3396 praecipit,
708 3317 745 3376 ut
766 3314 966 3398 voluptatem
994 3314 1100 3397 ipsam

96 3420 155 3482 per
187 3420 234 3482 se,
266 3400 342 3483 quia
372 3399 523 3483 voluptas
551 3401 607 3482 sit,
640 3421 764 3484 semper
791 3401 964 3485 optandam
991 3407 1021 3466 ct
1049 3422 1100 3465 ex-

96 3486 268 3570 petendam
299 3490 404 3572 putat,
442 3487 617 3573 eademque
650 3489 775 3553 ratione
811 3488 954 3554 dolorem
990 3489 1031 3553 ob
1067 3489 1100 3564 id
