2476 3848
520 197 760 262 -436-

139 364 250 426 beate
277 360 481 425 vivendum
508 359 651 439 ferunt,
678 378 746 422 nec
770 377 956 440 suspensa
982 355 1156 421 aliorum

141 453 206 515 aut
224 451 322 514 bono
338 470 427 512 casu
442 449 507 510 aut
525 445 722 511 contrario
741 443 905 528 pendere
925 465 968 507 ex
981 443 1156 508 alterius

140 537 290 602 eventis
323 539 360 600 et
392 551 521 598 errare
554 536 756 618 coguntur,
787 531 875 595 hnic
908 534 1062 613 optume
1094 532 1155 596 vi·

140 625 252 689 vendi
273 623 375 688 ratio
400 624 621 705 comparata
647 624 712 685 est.
758 619 830 683 Hic
851 623 910 683 est
931 618 999 682 ille
1021 618 1156 683 modo-

139 716 261 795 ratus,
284 712 347 775 hio
370 710 499 791 fortis,
529 708 592 773 hio
615 709 784 791 sapiens,
811 706 873 771 hic
895 708 933 770 et
953 708 1157 771 nascenti·

140 802 210 865 bus
234 803 271 863 et
294 797 519 863 cadentibus
544 817 624 860 eum
643 795 803 878 reliquis
826 792 1048 883 commodis,
1070 796 1157 860 tum

141 888 302 953 maxime
330 885 469 949 liberis
497 884 651 967 parebit
673 887 710 946 et
738 882 918 947 oboediet
939 877 1156 966 pradcepto

141 975 205 1039 illi
227 974 363 1057 veteri3
386 994 507 1056 neque
531 972 631 1035 enim
654 970 870 1034 laetabitur
886 989 1062 1052 umquam
1083 991 1157 1036 nec

142 1062 328 1126 maerebit
350 1061 479 1142 nimis,
503 1059 601 1143 quod
620 1079 768 1141 semper
785 1057 825 1121 in
843 1078 881 1121 se
901 1056 985 1139 ipse
1003 1078 1156 1123 omnem

143 1169 246 1231 spem
271 1152 434 1230 reponet
462 1145 540 1211 sui?
590 1146 641 1210 Ex
667 1145 730 1210 hoc
756 1145 857 1228 igitur
879 1143 1025 1208 Platonis
1057 1148 1157 1229 quasi

142 1235 280 1319 quodam
303 1238 414 1299 sancto
438 1237 638 1318 augustoque
661 1233 752 1298 fonte
774 1234 887 1296 nostra
913 1232 1016 1296 omnis
1040 1254 1156 1299 mana·

142 1323 193 1386 bit
216 1324 329 1387 oratic.

90 1372 133 1497 ἐξ
210 1410 302 1475 Unde
325 1411 426 1494 igitur
449 1410 549 1474 ordiri
571 1410 689 1474 rectius
713 1430 884 1492 possumus
908 1430 1005 1493 quam
1026 1430 1047 1473 a
1064 1431 1157 1475 com·

143 1499 234 1563 muni
265 1501 398 1580 parente
429 1497 568 1562 natura?
607 1518 702 1580 quae,
739 1497 889 1582 quicquid
925 1496 1050 1580 genuit,
1086 1520 1156 1563 non

143 1587 238 1651 modo
262 1585 395 1668 animal,
419 1585 474 1649 sed
493 1586 592 1649 etiam
615 1585 699 1669 quod
722 1584 769 1649 ita
788 1588 895 1649 ortum
913 1588 1000 1648 esset
1018 1605 1036 1647 e
1053 1587 1155 1668 terra,

143 1678 180 1737 ut
198 1673 354 1756 stirpibus
373 1673 440 1737 suis
459 1673 627 1755 niteretur,
650 1673 685 1736 in
704 1695 761 1737 suo
785 1673 922 1756 quidque
941 1692 1059 1756 genere
1079 1694 1155 1756 per·

143 1760 263 1825 fectum
286 1783 355 1826 esse
378 1760 489 1824 voluit.
534 1760 646 1843 Itaque
675 1763 708 1823 et
731 1759 862 1824 arbores
889 1762 922 1823 et
944 1759 1025 1824 vites
1049 1763 1083 1824 et
1108 1783 1156 1845 ea,

144 1869 225 1931 quae
253 1850 328 1911 sunt
354 1848 529 1911 humiliora
554 1869 657 1930 neque
685 1869 719 1911 se
746 1847 859 1911 tollere
887 1869 906 1911 a
937 1850 1025 1911 terra
1052 1847 1156 1914 altius

143 1939 294 2018 possunt,
317 1936 382 1998 alia
401 1956 526 2017 semper
548 1935 667 2017 virent,
690 1935 757 1998 alia
779 1934 884 1998 hieme
907 1933 1030 1999 nudata
1053 1957 1155 2002 verno

144 2027 290 2104 tempore
312 2021 476 2104 tepefacta
497 2021 718 2104 frondescunt,
740 2044 843 2106 neque
861 2026 911 2086 est
929 2021 1041 2104 ullum,
1066 2024 1156 2106 quod

143 2109 278 2171 nonita
300 2109 409 2192 vigeat
432 2109 582 2172 interiore
607 2109 747 2193 quodam
766 2112 856 2173 motu
874 2113 907 2173 et
926 2109 992 2173 suis
1015 2109 1051 2174 in
1074 2132 1155 2195 quo·

144 2216 205 2277 que
225 2196 399 2259 seminibus
418 2196 564 2278 inclusis,
587 2200 624 2260 ut
642 2201 698 2262 aut
716 2197 811 2262 flores
831 2201 887 2261 aut
905 2197 1014 2280 fruges
1036 2197 1157 2264 fundat

145 2285 202 2346 aut
228 2283 340 2364 bacas,
368 2283 538 2367 omniaque
565 2284 600 2348 in
627 2285 790 2367 omnibus,
817 2289 973 2368 quantum
1005 2284 1040 2348 in
1070 2285 1155 2369 ipsis

92 2391 125 2439 38
146 2370 201 2452 sit,
228 2371 316 2434 nulla
339 2371 371 2435 vi
398 2371 593 2455 impediente
620 2371 763 2454 perfecta
793 2373 866 2436 sint.
911 2370 1053 2437 Facilius
1076 2394 1156 2438 vero

145 2458 244 2521 etiam
266 2459 301 2521 in
323 2459 451 2541 bestiis,
479 2459 564 2542 quod
592 2459 632 2523 iis
657 2480 769 2524 sensus
794 2480 813 2523 a
834 2463 952 2523 natura
974 2462 1025 2523 est
1047 2459 1156 2542 datus,

143 2545 193 2609 vis
225 2546 328 2628 ipsius
364 2550 499 2610 naturae
535 2547 675 2629 perspici
711 2550 830 2630 potest.
887 2544 1035 2630 Namque
1071 2549 1155 2613 alias

144 2633 265 2697 bestias
290 2634 398 2697 nantis
423 2655 576 2717 aquarum
600 2634 724 2698 incolas
751 2655 820 2698 esse
848 2633 966 2716 voluit,
993 2634 1075 2698 alias
1099 2658 1155 2701 vo·

144 2721 247 2784 lucres
271 2721 358 2785 caelo
381 2721 446 2784 frui
473 2721 575 2785 libero
581 2771 590 2803 ,
617 2721 774 2804 serpentis
798 2720 966 2804 quasdam,
995 2723 1156 2805 quasdam

145 2829 214 2871 esse
237 2808 429 2892 gradientis3
454 2807 725 2891 earumipsarum
745 2808 865 2891 partim
886 2808 1058 2892 solivagas,
1080 2831 1155 2894 par-

144 2895 206 2958 tim
224 2899 447 2978 congregatas,
465 2894 605 2959 inmanis
620 2895 711 2977 aliea,
730 2897 884 2979 quasdam
899 2899 1006 2960 autem
1020 2897 1155 2981 cicures,

144 3003 210 3046 non
227 2983 334 3046 nullas
348 2983 475 3046 abditas
494 2987 643 3065 terraque
662 2986 773 3047 tectas.
803 2982 911 3067 Atque
931 3005 1041 3048 earum
1059 3006 1158 3068 quae·

146 3090 207 3150 que
231 3092 323 3133 suum
351 3073 462 3134 tenens
492 3091 622 3152 munus,
650 3092 722 3135 cnm
750 3071 785 3134 in
812 3071 950 3155 disparis
980 3071 1157 3137 animantia

145 3155 247 3219 vitam
269 3158 407 3222 transire
425 3179 489 3221 non
507 3157 625 3240 possit,
649 3162 758 3222 manet
780 3158 814 3221 in
837 3159 909 3242 lege
928 3162 1073 3224 naturae.
1112 3160 1158 3225 nt

145 3245 182 3306 ut
213 3243 326 3307 bestiis
360 3245 448 3308 aliud
481 3244 537 3308 alii
569 3247 735 3329 praecipui
763 3269 783 3310 a
808 3249 925 3310 natura
957 3247 1069 3311 datum
1098 3252 1158 3331 est,

145 3331 229 3413 quod
258 3352 352 3393 suum
380 3353 522 3415 quaeque
554 3333 672 3397 retinet
702 3355 762 3397 nec
790 3333 928 3398 discedit
954 3335 995 3398 ab
1023 3353 1076 3419 eo,
1111 3337 1159 3402 sio

144 3417 269 3481 homini
296 3419 398 3482 multo
426 3419 577 3502 quiddam
604 3421 835 3506 praestantium
864 3422 925 3486 etsi
953 3424 1161 3505 praestantia

92 3505 262 3630 'debent
285 3526 323 3569 ea
346 3505 421 3587 dici,
449 3528 530 3591 quae
558 3507 679 3572 habent
702 3508 844 3593 aliquam
871 3510 1178 3599 comparationem,¹
