2476 3848
477 197 714 260 ..447-

91 357 274 439 ostendere,
300 356 509 439 proponenda
535 355 691 438 quaedam
713 356 805 437 quasi
828 357 989 421 moventia
1011 362 1095 440 sunt,

92 465 173 527 quae
191 465 251 508 nos
270 443 373 526 magis
394 443 434 507 ad
453 443 667 526 cognitionem
685 443 1002 527 intellegentiamque
1020 466 1094 509 con-

92 534 225 595 vertant.
271 528 422 595 Sumatur
449 531 535 594 enim
561 530 654 594 nobis
687 530 817 614 quidam
843 535 1013 614 praestans
1045 532 1095 597 vir

92 618 233 700 optumis
257 618 395 699 artibus,
417 618 507 702 isque
526 619 634 682 animo
656 638 827 701 parumper
846 622 879 681 et
899 619 1094 702 cogitatione

91 706 240 789 fingatur.
298 705 444 769 Primum
479 705 609 790 ingenio
642 706 758 770 eximio
794 705 838 768 sit
867 727 996 771 necesse
1032 712 1094 792 est3

91 793 193 856 tardis
226 793 312 856 enim
344 793 506 857 mentibus
537 793 639 857 virtus
675 814 741 857 non
777 791 872 857 facile
909 794 1094 878 comitatum

92 880 204 943 deinde
237 880 277 944 ad
315 880 573 965 investigandam
606 880 774 944 veritatem
811 880 915 945 studio
950 881 1094 947 incitato.

90 967 142 1031 Ex
160 966 230 1051 quo
242 967 360 1050 triplex
377 967 434 1031 ille
453 967 552 1031 animi
574 966 658 1030 fetus
677 967 805 1050 existet,
827 990 909 1032 unus
932 969 967 1055 in
986 969 1094 1054 cogni·

91 1055 178 1118 tione
206 1076 312 1118 rerum
338 1055 464 1136 positus
487 1058 520 1117 et
545 1054 580 1118 in
602 1054 815 1137 explicatione
837 1060 985 1141 naturae,
1013 1058 1095 1121 alter

91 1143 125 1205 in
155 1141 360 1223 discriptione
392 1141 639 1223 expetendarum
670 1141 956 1229 fugiendarumque
987 1165 1095 1209 rerum

92 1233 121 1292 et
141 1230 176 1292 ta
193 1231 313 1293 ratione
330 1228 471 1311 vivendi,
493 1228 608 1292 tertius
626 1229 660 1292 in
682 1229 865 1314 iudicando,
889 1232 965 1314 quid
982 1233 1094 1315 cuique

92 1315 139 1379 rei
158 1316 201 1379 sit
220 1337 425 1400 consequens,
443 1315 518 1399 quid
536 1336 729 1399 repugnans,
751 1317 866 1400 inquo
887 1319 971 1383 inest
989 1321 1093 1385 omnis

93 1425 164 1465 eum
183 1403 345 1468 subtilitas
368 1403 555 1485 disserendi,
578 1407 647 1466 tum
667 1402 785 1468 veritas
808 1404 978 1468 iudicandi.
1023 1405 1092 1481 Quo
1112 1419 1146 1468 69

93 1491 222 1554 tandem
244 1492 345 1575 igitur
367 1491 483 1575 gaudio
508 1491 601 1555 adfici
623 1511 752 1554 necesse
776 1494 825 1554 est
849 1492 1003 1574 sapientis
1027 1493 1094 1557 ani-

93 1599 181 1640 mum
205 1599 275 1642 cum
299 1578 349 1642 his
377 1578 578 1643 habitantem
603 1581 907 1661 pernoctantemque
934 1579 1031 1642 curis!
1058 1583 1095 1643 ut

93 1686 163 1729 cum
191 1665 290 1729 totius
314 1665 424 1729 mundi
451 1669 558 1729 motus
585 1665 871 1747 conversionesque
895 1667 1095 1748 perspexerit

93 1753 259 1835 sideraque
278 1752 395 1816 viderit
415 1753 665 1817 innumerabilia
686 1753 774 1817 caelo
797 1751 999 1816 inhaerentia
1022 1775 1093 1817 cum

93 1840 160 1903 eius
179 1840 280 1923 ipsius
295 1843 386 1905 motu
399 1861 573 1925 congruere
588 1840 682 1905 certis
702 1839 800 1903 infixa
815 1839 953 1923 sedibus,
972 1844 1094 1923 septem

92 1928 157 1992 alia
180 1949 254 1991 suos
278 1949 420 2011 quaeque
447 1931 555 1991 tenere
578 1948 687 1991 cursus
711 1927 848 1991 multum
875 1926 1016 1991 interae
1039 1932 1095 1991 aut

93 2015 262 2078 altitudine
282 2017 339 2078 aut
355 2015 538 2079 humilitate
558 2015 721 2096 distantia,
739 2035 875 2097 quorum
893 2015 968 2099 vagi
986 2018 1093 2079 motus

92 2107 164 2165 rata
181 2105 290 2166 tamen
309 2105 342 2165 et
355 2106 443 2166 certa
459 2103 509 2165 sui
523 2123 634 2166 cursus
653 2101 760 2184 spatia
777 2101 937 2166 definiant.
968 2101 1094 2167 Horum

91 2189 243 2253 nimirum
270 2193 418 2272 aspectus
445 2188 574 2271 impulit
604 2188 679 2252 illos
706 2192 830 2254 veteres
859 2193 890 2252 et
922 2188 1094 2272 admonuit,

90 2279 129 2339 ut
145 2277 240 2359 plura
258 2279 454 2360 quaererent
485 2275 563 2340 Inde
580 2279 630 2339 est
647 2275 813 2360 indagatio
832 2280 909 2340 nata
927 2276 1094 2340 initiorum

92 2367 124 2426 et
146 2368 312 2446 tamquam
335 2362 504 2445 seminum,
527 2361 610 2426 unde
632 2366 741 2428 essent
764 2363 871 2428 omnia
893 2366 977 2444 orta,
999 2383 1094 2445 gene·

90 2455 174 2534 rata,
200 2453 359 2532 concreta,
387 2471 530 2534 quaeque
552 2449 705 2532 cuiusque
728 2448 854 2532 generis
878 2449 929 2513 vel
958 2449 1092 2512 inanimi

91 2539 142 2601 vel
161 2537 335 2602 animantis
358 2537 410 2602 vel
428 2538 509 2601 muti
532 2537 583 2600 vel
605 2537 767 2620 loquentis
789 2535 893 2618 origo,
916 2556 997 2618 quae
1015 2536 1091 2617 vita,

91 2626 145 2709 qui
164 2625 312 2688 interitus
331 2646 473 2709 quaeque
492 2646 529 2689 ex
548 2623 613 2690 alio
632 2625 666 2687 in
683 2622 770 2687 aliud
789 2622 976 2687 vicissitudo
997 2626 1093 2704 atque

91 2713 241 2795 mutatio,
277 2711 360 2776 unde
396 2716 482 2776 terra
518 2717 551 2776 et
588 2710 705 2795 quibus
736 2709 855 2774 librata
888 2708 1093 2792 ponderibus,

92 2799 206 2881 quibus
230 2801 374 2864 cavernis
397 2801 500 2863 maria
518 2799 750 2879 sustineantur,
773 2818 836 2880 qua
854 2795 963 2860 omnia
985 2796 1093 2860 delata

91 2886 251 2968 gravitate
274 2886 414 2949 medium
436 2885 546 2950 mundi
568 2885 674 2950 locum
698 2904 823 2966 semper
846 2887 1009 2967 expetant,
1037 2884 1091 2967 qui

91 2976 140 3035 est
162 2972 248 3034 idem
270 2972 398 3036 infimus
424 2973 459 3037 in
480 2972 627 3036 rotundo.

155 3056 244 3122 Haeo
271 3059 426 3123 tractanti
454 3060 561 3123 animo
589 3062 621 3122 et
646 3062 756 3122 noctes
780 3061 812 3121 et
839 3058 906 3122 dies
934 3057 1092 3142 cogitanti
1102 3026 1145 3157 ἕξ

90 3147 199 3212 existit
221 3146 278 3210 illa
299 3167 321 3210 o
343 3146 402 3212 deo
425 3145 562 3229 Delphis
584 3150 755 3229 praecepta
778 3145 933 3229 cognitio,
960 3149 997 3210 ut
1019 3146 1093 3229 ipsa

90 3256 124 3299 se
151 3256 241 3298 mens
268 3237 423 3318 agnoscat
449 3234 717 3316 coniunctamque
749 3254 820 3297 cum
848 3233 957 3297 divina
986 3237 1093 3299 mente

90 3323 273 3423 assentiat,
297 3343 416 3422 exque
435 3320 615 3422 insatiabili
638 3320 754 3405 gaudio
773 3321 980 3421 compleatur.
1015 3319 1054 3420 Ip
1092 3407 1095 3413 Ι

88 3409 552 3563 {hathubaldi
569 3407 851 3580 tatastat}
874 3408 1046 3561 {diluta
1063 3514 1088 3577 ,-
