2476 3848
529 158 765 224 ’444-
859 204 889 245 :c

144 338 216 381 eum
234 317 354 401 ipsum,
373 338 445 381 cum
462 316 564 380 forem
583 316 721 380 cubiculi
739 317 907 400 clauserat,
927 315 1153 400 detorquebat.

142 404 293 489 Idemque
317 425 388 469 cum
411 405 445 468 in
463 404 685 468 communibus
704 405 866 489 suggestis
889 403 1066 469 consistere
1084 426 1153 471 non

92 492 288 575 scanderet,
315 492 495 556 contionari
522 513 561 555 ex
591 493 674 557 turri
707 493 774 557 alta
801 492 935 557 solebat.
984 490 1094 575 Atque
1123 493 1153 557 is

144 602 217 644 cum
248 580 315 663 pila
342 579 450 643 ludere
477 580 574 643 vellet
600 577 756 662 (studiose
783 581 869 644 enim
901 580 934 644 id
961 579 1152 662 factitabat)

143 668 347 751 tunicamque
366 671 511 750 poneret,
531 667 783 750 adolescentule,
803 689 897 751 quem
919 666 1060 750 amabat,
1083 671 1151 732 tra·

144 756 261 819 didisse
289 755 432 839 gladium
459 754 584 819 dicitur.
635 753 697 818 Hic
724 776 796 819 cum
824 755 955 840 quidam
977 754 1152 820 familiaris

143 844 252 908 iocans
280 842 425 906 dixisset:
458 841 571 906 ‘Huic
599 841 749 926 quidem
777 845 880 907 certe
904 844 1023 906 vitam
1045 845 1151 907 tuam

144 928 385 1012 committis',
404 928 632 1012 adrisissetque
650 929 846 1013 adulescens,
865 933 1034 1013 utrumque
1054 930 1153 995 iussit

143 1018 292 1101 interfici,
320 1017 469 1100 alterum,
501 1018 576 1100 quia
602 1017 688 1080 viam
719 1017 1008 1082 demonstravisset
1037 1017 1152 1082 interi-

144 1104 251 1169 mendi
270 1105 333 1186 sui,
352 1104 503 1188 alterum,
524 1104 600 1187 quia
618 1103 740 1168 dictum
757 1105 791 1168 id
809 1104 875 1169 risu
895 1104 1151 1187 adprobavisset

143 1191 250 1276 Atque
273 1213 310 1256 eo
337 1190 424 1256 facto
448 1192 494 1256 sic
516 1191 631 1273 doluit,
659 1191 741 1256 nihil
763 1195 800 1255 ut
827 1192 939 1256 tulerit
961 1193 1094 1275 gravius
1116 1193 1151 1256 in

144 1280 222 1363 vita3
250 1301 345 1362 quem
373 1279 458 1343 enim
485 1279 687 1343 vehementer
715 1282 853 1362 amarat,
879 1279 1047 1344 occiderat.
1099 1277 1151 1344 Sic

145 1366 366 1432 distrahuntur
388 1367 423 1430 in
446 1367 623 1432 contrarias
648 1366 751 1451 partis
778 1367 1005 1449 impotentium
1028 1368 1150 1449 cupidi·

143 1459 235 1519 tates.
280 1452 360 1520 Cum
382 1454 457 1518 huic
481 1454 651 1519 obsecutus
674 1455 733 1537 sis,
755 1454 803 1517 illi
826 1458 876 1519 est
898 1454 1151 1539 repugnandum.

91 1525 132 1650 {¹1
211 1542 410 1626 Quamquam
441 1543 494 1606 hic
526 1541 653 1626 quidem
685 1545 843 1624 tyrannus
879 1542 950 1624 ipse
986 1542 1150 1627 iudicavit,

145 1652 240 1714 quam
271 1634 354 1694 esset
383 1631 506 1694 beatus.
557 1627 642 1693 Nam
672 1650 743 1692 cum
774 1630 904 1712 quidam
932 1651 970 1693 ex
998 1631 1066 1694 eius
1096 1632 1150 1695 ad·

145 1717 375 1800 sentatoribus,
410 1716 594 1801 Damocles,
631 1719 895 1783 commemoraret
932 1717 966 1780 in
1001 1738 1151 1781 sermone

144 1806 252 1889 copias
272 1804 353 1888 eius,
375 1825 468 1888 opes,
486 1804 689 1868 maiestatem
709 1803 904 1887 dominatus,
923 1824 1030 1867 rerum
1049 1803 1150 1868 abun-

144 1893 300 1973 dantiam,
323 1890 596 1974 magnificentiam
620 1890 746 1954 aedium
768 1891 929 1975 regiarum
954 1893 1151 1975 negaretque

144 2000 297 2062 umquam
328 1978 506 2041 beatiorem
538 1999 729 2061 quemquam
761 1978 874 2063 fuisse,
907 1977 1044 2042 ‘Visne
1076 1978 1150 2062 igi·

143 2065 235 2148 tur',
263 2065 378 2147 inquit,
408 2062 441 2128 ‘o
470 2062 664 2148 Damocle,
693 2066 873 2149 quoniam
895 2069 931 2129 te
952 2066 1047 2129 haec
1069 2066 1152 2130 vita

144 2152 324 2234 delectat,
352 2153 434 2235 ipse
462 2173 541 2215 eam
569 2152 776 2235 degustare
805 2157 842 2217 et
869 2152 1065 2218 fortunam
1087 2175 1150 2218 ex·

144 2239 264 2323 periri
296 2237 453 2303 meaml'
505 2237 586 2304 Cum
614 2240 730 2304 seille
758 2262 871 2324 cupere
898 2241 1046 2324 dixisset,
1076 2262 1151 2307 con·

143 2328 243 2392 locari
270 2327 366 2391 iussit
393 2326 557 2390 hominem
584 2328 619 2390 in
642 2349 738 2392 aureo
765 2329 849 2394 lecto
877 2332 979 2393 strato
1003 2328 1151 2410 pulcher-

144 2416 225 2480 rimo
246 2415 352 2479 textili
367 2415 521 2499 stragulo,
540 2415 719 2499 magnificis
734 2417 883 2499 operibus
902 2418 999 2500 picto,
1017 2415 1151 2480 abacos·

144 2525 204 2586 que
227 2503 399 2586 compluris
423 2503 551 2566 ornavit
574 2507 707 2586 argento
731 2524 871 2586 auroque
895 2505 1026 2568 caelato.
1067 2501 1152 2568 'Dum

144 2590 184 2655 ad
207 2611 350 2655 mensam
374 2590 491 2653 eximia
518 2588 624 2653 forma
649 2611 765 2672 pueros
793 2591 933 2655 delectos
955 2591 1053 2655 iussit
1075 2611 1150 2654 con-

145 2679 258 2743 sistere
285 2699 401 2760 eosque
424 2680 539 2741 nutum
565 2677 652 2741 illius
676 2677 831 2742 intuentis
861 2679 1031 2761 diligenter
1054 2678 1153 2741 mini-

93 2782 126 2829 62
146 2769 255 2828 strare.
287 2765 433 2829 Aderant
449 2768 622 2847 unguenta,
641 2785 785 2847 coronae,
802 2764 1058 2830 incendebantur
1075 2765 1153 2829 odo·

144 2874 208 2936 res,
226 2874 357 2916 mensae
376 2851 654 2934 conquisitissimis
676 2852 778 2934 epulis
797 2852 1036 2918 extruebantur.
1073 2850 1152 2917 For·

144 2943 276 3003 tunetus
319 2939 381 3004 sibi
422 2937 592 3003 Damocles
629 2939 806 3003 videbatur.
870 2941 910 3006 In
946 2940 1008 3006 hoc
1044 2940 1154 3006 medio

145 3031 301 3109 apparatu
327 3027 506 3111 fulgentem
534 3025 676 3109 gladium
704 3048 721 3089 e
748 3026 891 3091 lacunari
919 3032 1007 3092 saeta
1034 3029 1156 3112 equina

145 3118 256 3196 aptum
296 3113 422 3178 demitti
462 3114 576 3196 iussit,
613 3118 649 3177 ut
691 3113 890 3195 impenderet
932 3114 1021 3179 illius
1064 3115 1154 3179 beati

145 3200 329 3266 cervicibus.
387 3199 500 3285 Itaque
531 3222 591 3265 nec
623 3199 775 3283 pulchros
807 3200 880 3266 illos
912 3201 1154 3266 ministratores

145 3287 322 3370 aspiciebat
351 3309 410 3352 nec
442 3289 571 3371 plenum
609 3289 688 3352 artis
722 3292 892 3372 argentum
922 3309 982 3353 nec
1018 3309 1154 3352 manum

144 3374 332 3460 porrigebat
353 3375 389 3438 in
411 3397 568 3458 mensam,
593 3375 658 3439 iam
681 3375 770 3459 ipsae
793 3375 975 3441 defluebant
997 3397 1156 3462 coronae,

145 3464 280 3548 denique
299 3464 442 3527 exoravit
460 3466 649 3547 tyrannum,
671 3466 708 3526 ut
727 3462 815 3528 abire
835 3463 958 3548 liceret,
981 3463 1154 3548 quodiam
