<?xml version="1.0" encoding="UTF-8"?>
<!DOCTYPE html PUBLIC "-//W3C//DTD XHTML 1.0 Transitional//EN"
    "http://www.w3.org/TR/xhtml1/DTD/xhtml1-transitional.dtd">
<html xmlns="http://www.w3.org/1999/xhtml" xml:lang="en" lang="en">
 <head>
  <title>
</title>
<meta http-equiv="Content-Type" content="text/html;charset=utf-8" />
  <meta name='ocr-system' content='tesseract 3.04.00' />
  <meta name='ocr-capabilities' content='ocr_page ocr_carea ocr_par ocr_line ocrx_word'/>
</head>
<body>
  <div class='ocr_page' id='page_1' title='image "./cicerosphilosop01cicegoog_0474.png"; bbox 0 0 2476 3848; ppageno 0'>
   <div class='ocr_carea' id='block_1_1' title="bbox 470 178 710 244">
    <p class='ocr_par' dir='ltr' id='par_1_1' title="bbox 470 178 710 244">
     <span class='ocr_line' id='line_1_1' title="bbox 470 178 710 244; baseline -0.013 -17"><span class='ocrx_word' id='word_1_1' title='bbox 470 178 710 244; x_wconf 68' lang='lat'>,457-</span> 
     </span>
    </p>
   </div>
   <div class='ocr_carea' id='block_1_2' title="bbox 72 339 1194 3148">
    <p class='ocr_par' dir='ltr' id='par_1_2' title="bbox 72 339 1194 1390">
     <span class='ocr_line' id='line_1_2' title="bbox 92 339 1194 425; baseline 0 -22"><span class='ocrx_word' id='word_1_2' title='bbox 92 341 290 424; x_wconf 89' lang='lat' dir='ltr'><strong>parsimonia</strong></span> <span class='ocrx_word' id='word_1_3' title='bbox 321 341 533 425; x_wconf 88' lang='lat' dir='ltr'><strong>delectantur,</strong></span> <span class='ocrx_word' id='word_1_4' title='bbox 565 345 603 405; x_wconf 93' lang='lat' dir='ltr'><strong>ut</strong></span> <span class='ocrx_word' id='word_1_5' title='bbox 634 342 672 405; x_wconf 92' lang='lat' dir='ltr'><strong>de</strong></span> <span class='ocrx_word' id='word_1_6' title='bbox 703 339 962 404; x_wconf 75' lang='lat' dir='ltr'><strong>Lacedaemoniis</strong></span> <span class='ocrx_word' id='word_1_7' title='bbox 994 339 1092 423; x_wconf 90' lang='lat' dir='ltr'><strong>paulo</strong></span> <span class='ocrx_word' id='word_1_8' title='bbox 1193 367 1194 370; x_wconf 41' lang='lat'>¹</span> 
     </span>
     <span class='ocr_line' id='line_1_3' title="bbox 93 427 1092 510; baseline -0.002 -17"><span class='ocrx_word' id='word_1_9' title='bbox 93 433 169 493; x_wconf 90' lang='lat' dir='ltr'><strong>ante</strong></span> <span class='ocrx_word' id='word_1_10' title='bbox 191 428 337 493; x_wconf 83' lang='lat' dir='ltr'><strong>diximus.</strong></span> <span class='ocrx_word' id='word_1_11' title='bbox 372 427 542 493; x_wconf 79' lang='lat' dir='ltr'>Persarum</span> <span class='ocrx_word' id='word_1_12' title='bbox 565 427 815 510; x_wconf 87' lang='lat' dir='ltr'><strong>aXenophonte</strong></span> <span class='ocrx_word' id='word_1_13' title='bbox 835 427 939 492; x_wconf 83' lang='lat' dir='ltr'><strong>victus</strong></span> <span class='ocrx_word' id='word_1_14' title='bbox 963 428 1092 510; x_wconf 84' lang='lat' dir='ltr'><strong>exponi-</strong></span> 
     </span>
     <span class='ocr_line' id='line_1_4' title="bbox 92 515 1093 601; baseline -0.001 -20"><span class='ocrx_word' id='word_1_15' title='bbox 92 521 158 599; x_wconf 92' lang='lat' dir='ltr'><strong>tur,</strong></span> <span class='ocrx_word' id='word_1_16' title='bbox 182 538 261 601; x_wconf 93' lang='lat' dir='ltr'><strong>quos</strong></span> <span class='ocrx_word' id='word_1_17' title='bbox 283 520 382 601; x_wconf 81' lang='lat' dir='ltr'><strong>negat</strong></span> <span class='ocrx_word' id='word_1_18' title='bbox 404 516 444 581; x_wconf 87' lang='lat' dir='ltr'><strong>ad</strong></span> <span class='ocrx_word' id='word_1_19' title='bbox 466 538 582 601; x_wconf 89' lang='lat' dir='ltr'><strong>panem</strong></span> <span class='ocrx_word' id='word_1_20' title='bbox 600 516 751 581; x_wconf 91' lang='lat' dir='ltr'><strong>adhibere</strong></span> <span class='ocrx_word' id='word_1_21' title='bbox 774 515 945 601; x_wconf 90' lang='lat' dir='ltr'><strong>quicquam</strong></span> <span class='ocrx_word' id='word_1_22' title='bbox 966 518 1093 598; x_wconf 88' lang='lat' dir='ltr'><strong>praeter</strong></span> 
     </span>
     <span class='ocr_line' id='line_1_5' title="bbox 93 603 1093 689; baseline -0.002 -20"><span class='ocrx_word' id='word_1_23' title='bbox 93 604 300 669; x_wconf 78' lang='lat' dir='ltr'><strong>nasturcium.</strong></span> <span class='ocrx_word' id='word_1_24' title='bbox 350 603 564 689; x_wconf 78' lang='lat' dir='ltr'><strong>Quamquam,</strong></span> <span class='ocrx_word' id='word_1_25' title='bbox 587 605 615 669; x_wconf 91' lang='lat' dir='ltr'><strong>si</strong></span> <span class='ocrx_word' id='word_1_26' title='bbox 638 603 794 689; x_wconf 82' lang='lat' dir='ltr'><strong>quaedam</strong></span> <span class='ocrx_word' id='word_1_27' title='bbox 816 604 913 668; x_wconf 88' lang='lat' dir='ltr'><strong>etiam</strong></span> <span class='ocrx_word' id='word_1_28' title='bbox 943 603 1093 668; x_wconf 80' lang='lat' dir='ltr'><strong>suaviora</strong></span> 
     </span>
     <span class='ocr_line' id='line_1_6' title="bbox 93 691 1093 776; baseline -0.002 -19"><span class='ocrx_word' id='word_1_29' title='bbox 93 698 209 757; x_wconf 90' lang='lat' dir='ltr'><strong>natura</strong></span> <span class='ocrx_word' id='word_1_30' title='bbox 235 692 405 774; x_wconf 88' lang='lat' dir='ltr'><strong>desideret,</strong></span> <span class='ocrx_word' id='word_1_31' title='bbox 431 714 528 776; x_wconf 90' lang='lat' dir='ltr'><strong>quam</strong></span> <span class='ocrx_word' id='word_1_32' title='bbox 555 694 658 758; x_wconf 89' lang='lat' dir='ltr'><strong>multa</strong></span> <span class='ocrx_word' id='word_1_33' title='bbox 683 714 721 757; x_wconf 85' lang='lat' dir='ltr'><strong>ex</strong></span> <span class='ocrx_word' id='word_1_34' title='bbox 747 696 834 756; x_wconf 88' lang='lat' dir='ltr'><strong>terra</strong></span> <span class='ocrx_word' id='word_1_35' title='bbox 862 691 1093 775; x_wconf 79' lang='lat' dir='ltr'><strong>arboribusque</strong></span> 
     </span>
     <span class='ocr_line' id='line_1_7' title="bbox 72 780 1092 866; baseline 0.004 -27"><span class='ocrx_word' id='word_1_36' title='bbox 72 781 271 866; x_wconf 17' lang='lat' dir='ltr'><strong>,gignuntur</strong></span> <span class='ocrx_word' id='word_1_37' title='bbox 292 802 364 845; x_wconf 92' lang='lat' dir='ltr'><strong>cum</strong></span> <span class='ocrx_word' id='word_1_38' title='bbox 387 781 480 863; x_wconf 91' lang='lat' dir='ltr'><strong>copia</strong></span> <span class='ocrx_word' id='word_1_39' title='bbox 502 780 603 864; x_wconf 87' lang='lat' dir='ltr'><strong>facili,</strong></span> <span class='ocrx_word' id='word_1_40' title='bbox 629 785 699 846; x_wconf 90' lang='lat' dir='ltr'><strong>tum</strong></span> <span class='ocrx_word' id='word_1_41' title='bbox 722 780 880 845; x_wconf 75' lang='lat' dir='ltr'><strong>suavitate</strong></span> <span class='ocrx_word' id='word_1_42' title='bbox 902 780 1092 864; x_wconf 76' lang='lat' dir='ltr'><strong>praestanti!</strong></span> 
     </span>
     <span class='ocr_line' id='line_1_8' title="bbox 93 867 1093 953; baseline -0.001 -21"><span class='ocrx_word' id='word_1_43' title='bbox 93 869 185 933; x_wconf 84' lang='lat' dir='ltr'><strong>Adde</strong></span> <span class='ocrx_word' id='word_1_44' title='bbox 208 869 399 951; x_wconf 85' lang='lat' dir='ltr'><strong>siccitatem,</strong></span> <span class='ocrx_word' id='word_1_45' title='bbox 426 890 507 952; x_wconf 92' lang='lat' dir='ltr'><strong>quae</strong></span> <span class='ocrx_word' id='word_1_46' title='bbox 530 870 737 953; x_wconf 77' lang='lat' dir='ltr'><strong>consequitur</strong></span> <span class='ocrx_word' id='word_1_47' title='bbox 757 867 841 933; x_wconf 89' lang='lat' dir='ltr'><strong>hanc</strong></span> <span class='ocrx_word' id='word_1_48' title='bbox 863 867 1093 933; x_wconf 71' lang='lat' dir='ltr'><strong>continentiam</strong></span> 
     </span>
     <span class='ocr_line' id='line_1_9' title="bbox 93 955 1146 1041; baseline -0.006 -19"><span class='ocrx_word' id='word_1_49' title='bbox 93 959 128 1022; x_wconf 93' lang='lat' dir='ltr'><strong>in</strong></span> <span class='ocrx_word' id='word_1_50' title='bbox 154 957 254 1041; x_wconf 86' lang='lat' dir='ltr'><strong>victu,</strong></span> <span class='ocrx_word' id='word_1_51' title='bbox 285 956 365 1021; x_wconf 91' lang='lat' dir='ltr'><strong>adde</strong></span> <span class='ocrx_word' id='word_1_52' title='bbox 396 955 615 1041; x_wconf 82' lang='lat' dir='ltr'><strong>integritatem</strong></span> <span class='ocrx_word' id='word_1_53' title='bbox 647 956 855 1040; x_wconf 82' lang='lat' dir='ltr'><strong>valetudinis3</strong></span> <span class='ocrx_word' id='word_1_54' title='bbox 884 955 992 1020; x_wconf 88' lang='lat' dir='ltr'><strong>confer</strong></span> <span class='ocrx_word' id='word_1_55' title='bbox 1019 977 1071 1019; x_wconf 91' lang='lat' dir='ltr'><strong>su·</strong></span> <span class='ocrx_word' id='word_1_56' title='bbox 1096 967 1146 1017; x_wconf 83' lang='lat'><strong>100</strong></span> 
     </span>
     <span class='ocr_line' id='line_1_10' title="bbox 94 1043 1094 1129; baseline -0.001 -21"><span class='ocrx_word' id='word_1_57' title='bbox 94 1045 216 1129; x_wconf 88' lang='lat' dir='ltr'><strong>dantis,</strong></span> <span class='ocrx_word' id='word_1_58' title='bbox 251 1043 421 1126; x_wconf 90' lang='lat' dir='ltr'><strong>ructantis,</strong></span> <span class='ocrx_word' id='word_1_59' title='bbox 456 1044 592 1110; x_wconf 87' lang='lat' dir='ltr'><strong>refertos</strong></span> <span class='ocrx_word' id='word_1_60' title='bbox 629 1046 731 1128; x_wconf 89' lang='lat' dir='ltr'><strong>epulis</strong></span> <span class='ocrx_word' id='word_1_61' title='bbox 766 1048 934 1128; x_wconf 90' lang='lat' dir='ltr'><strong>tamqnam</strong></span> <span class='ocrx_word' id='word_1_62' title='bbox 967 1044 1094 1126; x_wconf 87' lang='lat' dir='ltr'><strong>opimos</strong></span> 
     </span>
     <span class='ocr_line' id='line_1_11' title="bbox 94 1131 1094 1217; baseline -0.001 -21"><span class='ocrx_word' id='word_1_63' title='bbox 94 1133 207 1217; x_wconf 81' lang='lat' dir='ltr'><strong>boves3</strong></span> <span class='ocrx_word' id='word_1_64' title='bbox 238 1137 308 1197; x_wconf 90' lang='lat' dir='ltr'><strong>tum</strong></span> <span class='ocrx_word' id='word_1_65' title='bbox 338 1131 522 1216; x_wconf 78' lang='lat' dir='ltr'><strong>intelleges,</strong></span> <span class='ocrx_word' id='word_1_66' title='bbox 560 1133 614 1216; x_wconf 92' lang='lat' dir='ltr'><strong>qui</strong></span> <span class='ocrx_word' id='word_1_67' title='bbox 646 1134 842 1216; x_wconf 88' lang='lat' dir='ltr'><strong>voluptatem</strong></span> <span class='ocrx_word' id='word_1_68' title='bbox 873 1132 1011 1196; x_wconf 85' lang='lat' dir='ltr'><strong>maxime</strong></span> <span class='ocrx_word' id='word_1_69' title='bbox 1047 1152 1094 1195; x_wconf 87' lang='lat' dir='ltr'><strong>se·</strong></span> 
     </span>
     <span class='ocr_line' id='line_1_12' title="bbox 94 1219 1094 1305; baseline 0 -21"><span class='ocrx_word' id='word_1_70' title='bbox 94 1225 245 1305; x_wconf 91' lang='lat' dir='ltr'><strong>quantur,</strong></span> <span class='ocrx_word' id='word_1_71' title='bbox 267 1241 321 1285; x_wconf 88' lang='lat' dir='ltr'><strong>eoa</strong></span> <span class='ocrx_word' id='word_1_72' title='bbox 340 1219 472 1284; x_wconf 88' lang='lat' dir='ltr'><strong>minime</strong></span> <span class='ocrx_word' id='word_1_73' title='bbox 493 1220 655 1303; x_wconf 83' lang='lat' dir='ltr'><strong>consequi,</strong></span> <span class='ocrx_word' id='word_1_74' title='bbox 677 1221 969 1304; x_wconf 87' lang='lat' dir='ltr'><strong>iucunditatemque</strong></span> <span class='ocrx_word' id='word_1_75' title='bbox 991 1220 1094 1285; x_wconf 84' lang='lat' dir='ltr'><strong>victus</strong></span> 
     </span>
     <span class='ocr_line' id='line_1_13' title="bbox 95 1307 739 1390; baseline 0.005 -18"><span class='ocrx_word' id='word_1_76' title='bbox 95 1331 165 1375; x_wconf 89' lang='lat' dir='ltr'><strong>esse</strong></span> <span class='ocrx_word' id='word_1_77' title='bbox 187 1310 222 1373; x_wconf 90' lang='lat' dir='ltr'><strong>in</strong></span> <span class='ocrx_word' id='word_1_78' title='bbox 244 1307 415 1390; x_wconf 86' lang='lat' dir='ltr'><strong>desiderio,</strong></span> <span class='ocrx_word' id='word_1_79' title='bbox 436 1329 502 1372; x_wconf 91' lang='lat' dir='ltr'><strong>non</strong></span> <span class='ocrx_word' id='word_1_80' title='bbox 524 1308 560 1372; x_wconf 90' lang='lat' dir='ltr'><strong>in</strong></span> <span class='ocrx_word' id='word_1_81' title='bbox 582 1307 739 1375; x_wconf 90' lang='lat' dir='ltr'><strong>satietate.</strong></span> 
     </span>
    </p>

    <p class='ocr_par' dir='ltr' id='par_1_3' title="bbox 94 1391 1148 3148">
     <span class='ocr_line' id='line_1_14' title="bbox 160 1391 1146 1479; baseline -0.003 -19"><span class='ocrx_word' id='word_1_82' title='bbox 160 1396 374 1476; x_wconf 83' lang='lat' dir='ltr'><strong>Timotheum,</strong></span> <span class='ocrx_word' id='word_1_83' title='bbox 391 1396 513 1460; x_wconf 90' lang='lat' dir='ltr'><strong>clarum</strong></span> <span class='ocrx_word' id='word_1_84' title='bbox 529 1395 694 1462; x_wconf 85' lang='lat' dir='ltr'><strong>hominem</strong></span> <span class='ocrx_word' id='word_1_85' title='bbox 708 1395 846 1460; x_wconf 86' lang='lat' dir='ltr'><strong>Athenis</strong></span> <span class='ocrx_word' id='word_1_86' title='bbox 866 1399 898 1458; x_wconf 90' lang='lat' dir='ltr'><strong>et</strong></span> <span class='ocrx_word' id='word_1_87' title='bbox 915 1395 1093 1479; x_wconf 91' lang='lat' dir='ltr'><strong>principem</strong></span> <span class='ocrx_word' id='word_1_88' title='bbox 1104 1391 1146 1456; x_wconf 81' lang='lat'><strong>35</strong></span> 
     </span>
     <span class='ocr_line' id='line_1_15' title="bbox 95 1481 1094 1566; baseline -0.002 -18"><span class='ocrx_word' id='word_1_89' title='bbox 95 1485 249 1563; x_wconf 83' lang='lat' dir='ltr'><strong>civitatis,</strong></span> <span class='ocrx_word' id='word_1_90' title='bbox 272 1484 394 1565; x_wconf 87' lang='lat' dir='ltr'><strong>ferunt,</strong></span> <span class='ocrx_word' id='word_1_91' title='bbox 419 1505 490 1548; x_wconf 89' lang='lat' dir='ltr'><strong>cum</strong></span> <span class='ocrx_word' id='word_1_92' title='bbox 509 1483 686 1548; x_wconf 80' lang='lat' dir='ltr'><strong>cenavisset</strong></span> <span class='ocrx_word' id='word_1_93' title='bbox 704 1483 789 1566; x_wconf 90' lang='lat' dir='ltr'><strong>apud</strong></span> <span class='ocrx_word' id='word_1_94' title='bbox 807 1481 1094 1565; x_wconf 74' lang='lat' dir='ltr'><strong>Platonemeoque</strong></span> 
     </span>
     <span class='ocr_line' id='line_1_16' title="bbox 96 1569 1095 1653; baseline -0.003 -17"><span class='ocrx_word' id='word_1_95' title='bbox 96 1572 240 1638; x_wconf 81' lang='lat' dir='ltr'><strong>convivio</strong></span> <span class='ocrx_word' id='word_1_96' title='bbox 272 1572 442 1636; x_wconf 90' lang='lat' dir='ltr'><strong>admodum</strong></span> <span class='ocrx_word' id='word_1_97' title='bbox 473 1571 650 1636; x_wconf 90' lang='lat' dir='ltr'><strong>delectatus</strong></span> <span class='ocrx_word' id='word_1_98' title='bbox 682 1575 767 1636; x_wconf 89' lang='lat' dir='ltr'><strong>esset</strong></span> <span class='ocrx_word' id='word_1_99' title='bbox 797 1569 992 1653; x_wconf 86' lang='lat' dir='ltr'><strong>vidissetque</strong></span> <span class='ocrx_word' id='word_1_100' title='bbox 1021 1591 1095 1634; x_wconf 88' lang='lat' dir='ltr'><strong>eum</strong></span> 
     </span>
     <span class='ocr_line' id='line_1_17' title="bbox 94 1658 1095 1745; baseline -0.005 -19"><span class='ocrx_word' id='word_1_101' title='bbox 94 1660 265 1745; x_wconf 86' lang='lat' dir='ltr'><strong>postridie,</strong></span> <span class='ocrx_word' id='word_1_102' title='bbox 300 1660 430 1724; x_wconf 84' lang='lat' dir='ltr'><strong>dixisse:</strong></span> <span class='ocrx_word' id='word_1_103' title='bbox 476 1658 654 1723; x_wconf 78' lang='lat' dir='ltr'><strong>‘Vestrae</strong></span> <span class='ocrx_word' id='word_1_104' title='bbox 690 1660 839 1744; x_wconf 93' lang='lat' dir='ltr'><strong>quidem</strong></span> <span class='ocrx_word' id='word_1_105' title='bbox 874 1679 989 1722; x_wconf 88' lang='lat' dir='ltr'><strong>cenae</strong></span> <span class='ocrx_word' id='word_1_106' title='bbox 1020 1679 1095 1722; x_wconf 90' lang='lat' dir='ltr'><strong>non</strong></span> 
     </span>
     <span class='ocr_line' id='line_1_18' title="bbox 96 1746 1095 1831; baseline -0.003 -17"><span class='ocrx_word' id='word_1_107' title='bbox 96 1751 218 1814; x_wconf 89' lang='lat' dir='ltr'><strong>solum</strong></span> <span class='ocrx_word' id='word_1_108' title='bbox 253 1749 292 1812; x_wconf 93' lang='lat' dir='ltr'><strong>in</strong></span> <span class='ocrx_word' id='word_1_109' title='bbox 327 1748 560 1831; x_wconf 87' lang='lat' dir='ltr'><strong>praesentia,</strong></span> <span class='ocrx_word' id='word_1_110' title='bbox 596 1747 661 1811; x_wconf 93' lang='lat' dir='ltr'><strong>sed</strong></span> <span class='ocrx_word' id='word_1_111' title='bbox 698 1747 812 1812; x_wconf 91' lang='lat' dir='ltr'><strong>etiam</strong></span> <span class='ocrx_word' id='word_1_112' title='bbox 846 1749 1003 1829; x_wconf 92' lang='lat' dir='ltr'><strong>postero</strong></span> <span class='ocrx_word' id='word_1_113' title='bbox 1035 1746 1095 1811; x_wconf 87' lang='lat' dir='ltr'><strong>die</strong></span> 
     </span>
     <span class='ocr_line' id='line_1_19' title="bbox 95 1832 1096 1919; baseline -0.004 -18"><span class='ocrx_word' id='word_1_114' title='bbox 95 1836 282 1903; x_wconf 90' lang='lat' dir='ltr'><strong>iucundae</strong></span> <span class='ocrx_word' id='word_1_115' title='bbox 304 1834 413 1901; x_wconf 70' lang='lat' dir='ltr'><strong>sunt?</strong></span> <span class='ocrx_word' id='word_1_116' title='bbox 450 1834 545 1917; x_wconf 83' lang='lat' dir='ltr'><strong>Quid,</strong></span> <span class='ocrx_word' id='word_1_117' title='bbox 567 1835 710 1919; x_wconf 91' lang='lat' dir='ltr'><strong>quodne</strong></span> <span class='ocrx_word' id='word_1_118' title='bbox 728 1837 834 1899; x_wconf 88' lang='lat' dir='ltr'><strong>mente</strong></span> <span class='ocrx_word' id='word_1_119' title='bbox 857 1832 986 1917; x_wconf 91' lang='lat' dir='ltr'><strong>quidem</strong></span> <span class='ocrx_word' id='word_1_120' title='bbox 1008 1836 1096 1898; x_wconf 88' lang='lat' dir='ltr'><strong>recte</strong></span> 
     </span>
     <span class='ocr_line' id='line_1_20' title="bbox 95 1919 1097 2010; baseline -0.004 -21"><span class='ocrx_word' id='word_1_121' title='bbox 95 1925 143 1989; x_wconf 91' lang='lat' dir='ltr'><strong>uti</strong></span> <span class='ocrx_word' id='word_1_122' title='bbox 174 1947 343 2010; x_wconf 88' lang='lat' dir='ltr'><strong>possumus</strong></span> <span class='ocrx_word' id='word_1_123' title='bbox 370 1923 472 1988; x_wconf 83' lang='lat' dir='ltr'><strong>multo</strong></span> <span class='ocrx_word' id='word_1_124' title='bbox 500 1922 572 1988; x_wconf 91' lang='lat' dir='ltr'><strong>cibo</strong></span> <span class='ocrx_word' id='word_1_125' title='bbox 600 1927 633 1988; x_wconf 92' lang='lat' dir='ltr'><strong>et</strong></span> <span class='ocrx_word' id='word_1_126' title='bbox 658 1925 788 2008; x_wconf 87' lang='lat' dir='ltr'><strong>potione</strong></span> <span class='ocrx_word' id='word_1_127' title='bbox 819 1920 991 2005; x_wconf 74' lang='lat' dir='ltr'><strong>completi?</strong></span> <span class='ocrx_word' id='word_1_128' title='bbox 1034 1919 1097 1985; x_wconf 82' lang='lat' dir='ltr'><strong>Est</strong></span> 
     </span>
     <span class='ocr_line' id='line_1_21' title="bbox 95 2010 1097 2098; baseline -0.003 -22"><span class='ocrx_word' id='word_1_129' title='bbox 95 2014 261 2097; x_wconf 86' lang='lat' dir='ltr'><strong>praeclara</strong></span> <span class='ocrx_word' id='word_1_130' title='bbox 287 2013 427 2098; x_wconf 89' lang='lat' dir='ltr'><strong>epistula</strong></span> <span class='ocrx_word' id='word_1_131' title='bbox 452 2010 597 2076; x_wconf 87' lang='lat' dir='ltr'><strong>Platonis</strong></span> <span class='ocrx_word' id='word_1_132' title='bbox 621 2012 662 2076; x_wconf 90' lang='lat' dir='ltr'><strong>ad</strong></span> <span class='ocrx_word' id='word_1_133' title='bbox 684 2011 798 2077; x_wconf 91' lang='lat' dir='ltr'><strong>Dionis</strong></span> <span class='ocrx_word' id='word_1_134' title='bbox 821 2011 1032 2095; x_wconf 90' lang='lat' dir='ltr'><strong>propinquos,</strong></span> <span class='ocrx_word' id='word_1_135' title='bbox 1062 2010 1097 2073; x_wconf 91' lang='lat' dir='ltr'><strong>in</strong></span> 
     </span>
     <span class='ocr_line' id='line_1_22' title="bbox 97 2099 1097 2185; baseline -0.001 -22"><span class='ocrx_word' id='word_1_136' title='bbox 97 2123 160 2185; x_wconf 92' lang='lat' dir='ltr'><strong>qua</strong></span> <span class='ocrx_word' id='word_1_137' title='bbox 183 2101 338 2183; x_wconf 89' lang='lat' dir='ltr'><strong>scriptum</strong></span> <span class='ocrx_word' id='word_1_138' title='bbox 361 2104 410 2164; x_wconf 90' lang='lat' dir='ltr'><strong>est</strong></span> <span class='ocrx_word' id='word_1_139' title='bbox 431 2099 483 2163; x_wconf 88' lang='lat' dir='ltr'><strong>his</strong></span> <span class='ocrx_word' id='word_1_140' title='bbox 508 2099 574 2164; x_wconf 88' lang='lat' dir='ltr'><strong>fere</strong></span> <span class='ocrx_word' id='word_1_141' title='bbox 596 2101 717 2165; x_wconf 89' lang='lat' dir='ltr'><strong>verbis:</strong></span> <span class='ocrx_word' id='word_1_142' title='bbox 750 2099 844 2177; x_wconf 76' lang='lat' dir='ltr'><strong>‘Quo</strong></span> <span class='ocrx_word' id='word_1_143' title='bbox 868 2120 948 2163; x_wconf 91' lang='lat' dir='ltr'><strong>cum</strong></span> <span class='ocrx_word' id='word_1_144' title='bbox 971 2099 1097 2164; x_wconf 83' lang='lat' dir='ltr'><strong>venis·</strong></span> 
     </span>
     <span class='ocr_line' id='line_1_23' title="bbox 97 2185 1097 2271; baseline 0 -21"><span class='ocrx_word' id='word_1_145' title='bbox 97 2209 187 2268; x_wconf 88' lang='lat' dir='ltr'><strong>sem,</strong></span> <span class='ocrx_word' id='word_1_146' title='bbox 209 2187 290 2251; x_wconf 86' lang='lat' dir='ltr'><strong>vita</strong></span> <span class='ocrx_word' id='word_1_147' title='bbox 308 2188 378 2252; x_wconf 90' lang='lat' dir='ltr'><strong>illa</strong></span> <span class='ocrx_word' id='word_1_148' title='bbox 396 2189 522 2268; x_wconf 89' lang='lat' dir='ltr'><strong>beata,</strong></span> <span class='ocrx_word' id='word_1_149' title='bbox 544 2208 640 2270; x_wconf 92' lang='lat' dir='ltr'><strong>quae</strong></span> <span class='ocrx_word' id='word_1_150' title='bbox 656 2189 865 2269; x_wconf 88' lang='lat' dir='ltr'><strong>ferebatur,</strong></span> <span class='ocrx_word' id='word_1_151' title='bbox 888 2187 1001 2271; x_wconf 91' lang='lat' dir='ltr'><strong>plena</strong></span> <span class='ocrx_word' id='word_1_152' title='bbox 1018 2185 1097 2250; x_wconf 89' lang='lat' dir='ltr'><strong>Ita-</strong></span> 
     </span>
     <span class='ocr_line' id='line_1_24' title="bbox 96 2272 1096 2358; baseline -0.001 -20"><span class='ocrx_word' id='word_1_153' title='bbox 96 2275 254 2338; x_wconf 90' lang='lat' dir='ltr'><strong>licarum</strong></span> <span class='ocrx_word' id='word_1_154' title='bbox 299 2272 663 2358; x_wconf 86' lang='lat' dir='ltr'><strong>Syracusiarumque</strong></span> <span class='ocrx_word' id='word_1_155' title='bbox 712 2296 938 2356; x_wconf 88' lang='lat' dir='ltr'><strong>mensarum,</strong></span> <span class='ocrx_word' id='word_1_156' title='bbox 989 2274 1096 2338; x_wconf 92' lang='lat' dir='ltr'><strong>nullo</strong></span> 
     </span>
     <span class='ocr_line' id='line_1_25' title="bbox 97 2360 1096 2443; baseline -0.002 -17"><span class='ocrx_word' id='word_1_157' title='bbox 97 2361 206 2426; x_wconf 93' lang='lat' dir='ltr'><strong>modo</strong></span> <span class='ocrx_word' id='word_1_158' title='bbox 239 2361 331 2424; x_wconf 90' lang='lat' dir='ltr'><strong>mihi</strong></span> <span class='ocrx_word' id='word_1_159' title='bbox 362 2360 524 2443; x_wconf 90' lang='lat' dir='ltr'><strong>placuit,</strong></span> <span class='ocrx_word' id='word_1_160' title='bbox 555 2361 613 2425; x_wconf 90' lang='lat' dir='ltr'><strong>bis</strong></span> <span class='ocrx_word' id='word_1_161' title='bbox 646 2363 684 2425; x_wconf 92' lang='lat' dir='ltr'><strong>in</strong></span> <span class='ocrx_word' id='word_1_162' title='bbox 716 2362 775 2426; x_wconf 94' lang='lat' dir='ltr'><strong>die</strong></span> <span class='ocrx_word' id='word_1_163' title='bbox 805 2365 975 2426; x_wconf 92' lang='lat' dir='ltr'><strong>saturum</strong></span> <span class='ocrx_word' id='word_1_164' title='bbox 1007 2361 1096 2424; x_wconf 85' lang='lat' dir='ltr'><strong>fieri</strong></span> 
     </span>
     <span class='ocr_line' id='line_1_26' title="bbox 96 2450 1097 2532; baseline -0.004 -18"><span class='ocrx_word' id='word_1_165' title='bbox 96 2471 165 2515; x_wconf 91' lang='lat' dir='ltr'><strong>nec</strong></span> <span class='ocrx_word' id='word_1_166' title='bbox 187 2469 360 2532; x_wconf 90' lang='lat' dir='ltr'><strong>umquam</strong></span> <span class='ocrx_word' id='word_1_167' title='bbox 378 2451 606 2531; x_wconf 89' lang='lat' dir='ltr'><strong>pernoctare</strong></span> <span class='ocrx_word' id='word_1_168' title='bbox 625 2450 747 2514; x_wconf 86' lang='lat' dir='ltr'><strong>solum</strong></span> <span class='ocrx_word' id='word_1_169' title='bbox 767 2453 980 2531; x_wconf 88' lang='lat' dir='ltr'><strong>ceteraque,</strong></span> <span class='ocrx_word' id='word_1_170' title='bbox 1004 2468 1097 2530; x_wconf 91' lang='lat' dir='ltr'><strong>quae</strong></span> 
     </span>
     <span class='ocr_line' id='line_1_27' title="bbox 98 2535 1096 2620; baseline -0.006 -17"><span class='ocrx_word' id='word_1_171' title='bbox 98 2538 331 2604; x_wconf 89' lang='lat' dir='ltr'><strong>comitantur</strong></span> <span class='ocrx_word' id='word_1_172' title='bbox 361 2536 448 2600; x_wconf 92' lang='lat' dir='ltr'><strong>huic</strong></span> <span class='ocrx_word' id='word_1_173' title='bbox 478 2536 594 2617; x_wconf 81' lang='lat' dir='ltr'><strong>vitae,</strong></span> <span class='ocrx_word' id='word_1_174' title='bbox 626 2537 666 2600; x_wconf 93' lang='lat' dir='ltr'><strong>in</strong></span> <span class='ocrx_word' id='word_1_175' title='bbox 698 2559 770 2620; x_wconf 90' lang='lat' dir='ltr'><strong>qua</strong></span> <span class='ocrx_word' id='word_1_176' title='bbox 800 2535 957 2618; x_wconf 88' lang='lat' dir='ltr'><strong>sapiens</strong></span> <span class='ocrx_word' id='word_1_177' title='bbox 988 2555 1096 2598; x_wconf 88' lang='lat' dir='ltr'><strong>nemo</strong></span> 
     </span>
     <span class='ocr_line' id='line_1_28' title="bbox 98 2622 1096 2709; baseline -0.006 -18"><span class='ocrx_word' id='word_1_178' title='bbox 98 2626 296 2692; x_wconf 80' lang='lat' dir='ltr'><strong>efficietur</strong></span> <span class='ocrx_word' id='word_1_179' title='bbox 322 2645 508 2709; x_wconf 85' lang='lat' dir='ltr'><strong>umquam,</strong></span> <span class='ocrx_word' id='word_1_180' title='bbox 533 2624 751 2689; x_wconf 90' lang='lat' dir='ltr'><strong>moderatus</strong></span> <span class='ocrx_word' id='word_1_181' title='bbox 773 2645 861 2688; x_wconf 85' lang='lat' dir='ltr'><strong>vero</strong></span> <span class='ocrx_word' id='word_1_182' title='bbox 886 2622 1005 2687; x_wconf 89' lang='lat' dir='ltr'><strong>multo</strong></span> <span class='ocrx_word' id='word_1_183' title='bbox 1029 2622 1096 2686; x_wconf 91' lang='lat' dir='ltr'><strong>mi-</strong></span> 
     </span>
     <span class='ocr_line' id='line_1_29' title="bbox 97 2710 1148 2790; baseline 0.001 -12"><span class='ocrx_word' id='word_1_184' title='bbox 97 2738 175 2781; x_wconf 91' lang='lat' dir='ltr'><strong>nus.</strong></span> <span class='ocrx_word' id='word_1_185' title='bbox 220 2714 321 2790; x_wconf 81' lang='lat' dir='ltr'><strong>Quae</strong></span> <span class='ocrx_word' id='word_1_186' title='bbox 344 2714 443 2778; x_wconf 91' lang='lat' dir='ltr'><strong>enim</strong></span> <span class='ocrx_word' id='word_1_187' title='bbox 466 2716 603 2777; x_wconf 90' lang='lat' dir='ltr'><strong>natura</strong></span> <span class='ocrx_word' id='word_1_188' title='bbox 625 2717 702 2777; x_wconf 92' lang='lat' dir='ltr'><strong>tam</strong></span> <span class='ocrx_word' id='word_1_189' title='bbox 727 2710 960 2776; x_wconf 90' lang='lat' dir='ltr'><strong>mirabiliter</strong></span> <span class='ocrx_word' id='word_1_190' title='bbox 984 2713 1074 2774; x_wconf 86' lang='lat' dir='ltr'><strong>tem·</strong></span> <span class='ocrx_word' id='word_1_191' title='bbox 1100 2729 1148 2779; x_wconf 85' lang='lat'><strong>101</strong></span> 
     </span>
     <span class='ocr_line' id='line_1_30' title="bbox 97 2797 1098 2886; baseline -0.007 -19"><span class='ocrx_word' id='word_1_192' title='bbox 97 2803 224 2884; x_wconf 88' lang='lat' dir='ltr'><strong>perari</strong></span> <span class='ocrx_word' id='word_1_193' title='bbox 247 2800 415 2886; x_wconf 73' lang='lat' dir='ltr'><strong>potestl&#39;</strong></span> <span class='ocrx_word' id='word_1_194' title='bbox 461 2799 530 2876; x_wconf 83' lang='lat' dir='ltr'><strong>Quo</strong></span> <span class='ocrx_word' id='word_1_195' title='bbox 553 2801 648 2866; x_wconf 93' lang='lat' dir='ltr'><strong>modo</strong></span> <span class='ocrx_word' id='word_1_196' title='bbox 676 2801 775 2885; x_wconf 79' lang='lat' dir='ltr'><strong>igitur</strong></span> <span class='ocrx_word' id='word_1_197' title='bbox 796 2797 933 2865; x_wconf 90' lang='lat' dir='ltr'><strong>iucunda</strong></span> <span class='ocrx_word' id='word_1_198' title='bbox 955 2797 1022 2861; x_wconf 81' lang='lat' dir='ltr'><strong>vita</strong></span> <span class='ocrx_word' id='word_1_199' title='bbox 1043 2819 1098 2881; x_wconf 89' lang='lat' dir='ltr'><strong>po·</strong></span> 
     </span>
     <span class='ocr_line' id='line_1_31' title="bbox 98 2884 1098 2972; baseline -0.003 -20"><span class='ocrx_word' id='word_1_200' title='bbox 98 2893 164 2954; x_wconf 91' lang='lat' dir='ltr'><strong>test</strong></span> <span class='ocrx_word' id='word_1_201' title='bbox 183 2911 264 2972; x_wconf 89' lang='lat' dir='ltr'><strong>esse,</strong></span> <span class='ocrx_word' id='word_1_202' title='bbox 283 2912 303 2953; x_wconf 93' lang='lat' dir='ltr'><strong>a</strong></span> <span class='ocrx_word' id='word_1_203' title='bbox 321 2911 384 2972; x_wconf 93' lang='lat' dir='ltr'><strong>qua</strong></span> <span class='ocrx_word' id='word_1_204' title='bbox 403 2888 489 2953; x_wconf 87' lang='lat' dir='ltr'><strong>absit</strong></span> <span class='ocrx_word' id='word_1_205' title='bbox 506 2888 689 2972; x_wconf 87' lang='lat' dir='ltr'><strong>prudentia,</strong></span> <span class='ocrx_word' id='word_1_206' title='bbox 707 2889 793 2953; x_wconf 90' lang='lat' dir='ltr'><strong>absit</strong></span> <span class='ocrx_word' id='word_1_207' title='bbox 810 2886 1012 2952; x_wconf 84' lang='lat' dir='ltr'><strong>moderatio?</strong></span> <span class='ocrx_word' id='word_1_208' title='bbox 1048 2884 1098 2950; x_wconf 81' lang='lat' dir='ltr'><strong>Ex</strong></span> 
     </span>
     <span class='ocr_line' id='line_1_32' title="bbox 98 2975 1099 3061; baseline -0.003 -21"><span class='ocrx_word' id='word_1_209' title='bbox 98 2999 161 3061; x_wconf 88' lang='lat' dir='ltr'><strong>quo</strong></span> <span class='ocrx_word' id='word_1_210' title='bbox 194 2975 429 3061; x_wconf 82' lang='lat' dir='ltr'><strong>Sardanapalli,</strong></span> <span class='ocrx_word' id='word_1_211' title='bbox 463 2976 700 3059; x_wconf 89' lang='lat' dir='ltr'><strong>opulentissimi</strong></span> <span class='ocrx_word' id='word_1_212' title='bbox 731 2975 844 3060; x_wconf 83' lang='lat' dir='ltr'><strong>Syriae</strong></span> <span class='ocrx_word' id='word_1_213' title='bbox 875 2975 974 3057; x_wconf 80' lang='lat' dir='ltr'><strong>regis,</strong></span> <span class='ocrx_word' id='word_1_214' title='bbox 1010 2994 1099 3039; x_wconf 86' lang='lat' dir='ltr'><strong>error</strong></span> 
     </span>
     <span class='ocr_line' id='line_1_33' title="bbox 98 3063 823 3148; baseline -0.001 -18"><span class='ocrx_word' id='word_1_215' title='bbox 98 3064 317 3148; x_wconf 83' lang='lat' dir='ltr'><strong>adgnoscitur,</strong></span> <span class='ocrx_word' id='word_1_216' title='bbox 343 3065 399 3148; x_wconf 89' lang='lat' dir='ltr'><strong>qui</strong></span> <span class='ocrx_word' id='word_1_217' title='bbox 420 3063 519 3129; x_wconf 91' lang='lat' dir='ltr'><strong>incidi</strong></span> <span class='ocrx_word' id='word_1_218' title='bbox 540 3065 635 3130; x_wconf 86' lang='lat' dir='ltr'><strong>iussit</strong></span> <span class='ocrx_word' id='word_1_219' title='bbox 657 3065 692 3130; x_wconf 90' lang='lat' dir='ltr'><strong>in</strong></span> <span class='ocrx_word' id='word_1_220' title='bbox 714 3065 823 3132; x_wconf 89' lang='lat' dir='ltr'><strong>busto:</strong></span> 
     </span>
    </p>
   </div>
   <div class='ocr_carea' id='block_1_3' title="bbox 163 3238 1165 3573">
    <p class='ocr_par' dir='ltr' id='par_1_4' title="bbox 163 3238 1165 3573">
     <span class='ocr_line' id='line_1_34' title="bbox 164 3238 1099 3342; baseline -0.002 -37"><span class='ocrx_word' id='word_1_221' title='bbox 164 3240 266 3306; x_wconf 90' lang='lat' dir='ltr'><strong>Haec</strong></span> <span class='ocrx_word' id='word_1_222' title='bbox 295 3238 429 3322; x_wconf 87' lang='lat' dir='ltr'><strong>habeo,</strong></span> <span class='ocrx_word' id='word_1_223' title='bbox 458 3261 552 3324; x_wconf 89' lang='lat' dir='ltr'><strong>quae</strong></span> <span class='ocrx_word' id='word_1_224' title='bbox 580 3242 653 3324; x_wconf 92' lang='lat' dir='ltr'><strong>edi,</strong></span> <span class='ocrx_word' id='word_1_225' title='bbox 681 3262 850 3325; x_wconf 89' lang='lat' dir='ltr'><strong>quaeque</strong></span> <span class='ocrx_word' id='word_1_226' title='bbox 877 3242 1099 3342; x_wconf 64' lang='lat' dir='ltr'><strong>ereaturata</strong></span> 
     </span>
     <span class='ocr_line' id='line_1_35' title="bbox 163 3327 1100 3567; baseline -0.005 -84"><span class='ocrx_word' id='word_1_227' title='bbox 163 3417 317 3500; x_wconf 87' lang='lat' dir='ltr'><strong>Hausit;</strong></span> <span class='ocrx_word' id='word_1_228' title='bbox 348 3420 387 3480; x_wconf 91' lang='lat' dir='ltr'><strong>at</strong></span> <span class='ocrx_word' id='word_1_229' title='bbox 417 3417 487 3482; x_wconf 89' lang='lat' dir='ltr'><strong>illa</strong></span> <span class='ocrx_word' id='word_1_230' title='bbox 518 3417 646 3482; x_wconf 89' lang='lat' dir='ltr'><strong>iacent</strong></span> <span class='ocrx_word' id='word_1_231' title='bbox 678 3417 799 3481; x_wconf 89' lang='lat' dir='ltr'><strong>multa</strong></span> <span class='ocrx_word' id='word_1_232' title='bbox 829 3421 866 3482; x_wconf 91' lang='lat' dir='ltr'><strong>et</strong></span> <span class='ocrx_word' id='word_1_233' title='bbox 888 3327 1100 3567; x_wconf 55' lang='lat' dir='ltr'><strong>lpld}⁰clara</strong></span> 
     </span>
     <span class='ocr_line' id='line_1_36' title="bbox 864 3525 1165 3573; baseline -0.01 -4"><span class='ocrx_word' id='word_1_234' title='bbox 864 3526 902 3569; x_wconf 90' lang='lat' dir='ltr'><strong>re</strong></span> <span class='ocrx_word' id='word_1_235' title='bbox 925 3525 960 3568; x_wconf 86' lang='lat' dir='ltr'><strong>rc</strong></span> <span class='ocrx_word' id='word_1_236' title='bbox 984 3525 1012 3567; x_wconf 86' lang='lat' dir='ltr'><strong>a</strong></span> <span class='ocrx_word' id='word_1_237' title='bbox 1085 3558 1087 3562; x_wconf 71' lang='grc'><strong>,</strong></span> <span class='ocrx_word' id='word_1_238' title='bbox 1162 3532 1165 3573; x_wconf 91' lang='lat'><strong>:</strong></span> 
     </span>
    </p>
   </div>
   <div class='ocr_carea' id='block_1_4' title="bbox 0 0 1251 3848">
    <p class='ocr_par' dir='ltr' id='par_1_5' title="bbox 0 0 1251 3848">
     <span class='ocr_line' id='line_1_37' title="bbox 0 0 1251 3848; baseline 0 0"><span class='ocrx_word' id='word_1_239' title='bbox 0 0 1251 3848; x_wconf 95' lang='lat' dir='ltr'><strong> </strong></span> 
     </span>
    </p>
   </div>
  </div>
 </body>
</html>
