<?xml version="1.0" encoding="UTF-8"?>
<!DOCTYPE html PUBLIC "-//W3C//DTD XHTML 1.0 Transitional//EN"
    "http://www.w3.org/TR/xhtml1/DTD/xhtml1-transitional.dtd">
<html xmlns="http://www.w3.org/1999/xhtml" xml:lang="en" lang="en">
 <head>
  <title>
</title>
<meta http-equiv="Content-Type" content="text/html;charset=utf-8" />
  <meta name='ocr-system' content='tesseract 3.04.00' />
  <meta name='ocr-capabilities' content='ocr_page ocr_carea ocr_par ocr_line ocrx_word'/>
</head>
<body>
  <div class='ocr_page' id='page_1' title='image "./cicerosphilosop01cicegoog_0663.png"; bbox 0 0 2436 3840; ppageno 0'>
   <div class='ocr_carea' id='block_1_1' title="bbox 530 175 772 240">
    <p class='ocr_par' dir='ltr' id='par_1_1' title="bbox 530 175 772 240">
     <span class='ocr_line' id='line_1_1' title="bbox 530 175 772 240; baseline 0 0"><span class='ocrx_word' id='word_1_1' title='bbox 530 213 571 223; x_wconf 91' lang='lat'><em>-</em></span> <span class='ocrx_word' id='word_1_2' title='bbox 618 175 772 240; x_wconf 78' lang='lat'>550-</span> 
     </span>
    </p>
   </div>
   <div class='ocr_carea' id='block_1_2' title="bbox 67 332 1165 3569">
    <p class='ocr_par' dir='ltr' id='par_1_2' title="bbox 146 332 1165 1038">
     <span class='ocr_line' id='line_1_2' title="bbox 146 332 1165 424; baseline 0.003 -23"><span class='ocrx_word' id='word_1_3' title='bbox 146 367 173 418; x_wconf 84' lang='lat' dir='ltr'>p.</span> <span class='ocrx_word' id='word_1_4' title='bbox 194 340 258 418; x_wconf 75' lang='lat'>157]</span> <span class='ocrx_word' id='word_1_5' title='bbox 282 340 319 402; x_wconf 90' lang='lat' dir='ltr'>ut</span> <span class='ocrx_word' id='word_1_6' title='bbox 346 337 380 400; x_wconf 92' lang='lat' dir='ltr'>in</span> <span class='ocrx_word' id='word_1_7' title='bbox 407 359 521 423; x_wconf 85' lang='lat' dir='ltr'>agrum</span> <span class='ocrx_word' id='word_1_8' title='bbox 544 336 738 401; x_wconf 80' lang='lat' dir='ltr'>Rutulorum</span> <span class='ocrx_word' id='word_1_9' title='bbox 761 332 1061 421; x_wconf 74' lang='lat' dir='ltr'>Aboriginumlque</span> <span class='ocrx_word' id='word_1_10' title='bbox 1090 361 1165 424; x_wconf 82' lang='lat' dir='ltr'>pro</span> 
     </span>
     <span class='ocr_line' id='line_1_3' title="bbox 147 423 1163 508; baseline 0 -17"><span class='ocrx_word' id='word_1_11' title='bbox 147 426 282 508; x_wconf 88' lang='lat' dir='ltr'>coderet,</span> <span class='ocrx_word' id='word_1_12' title='bbox 305 428 361 489; x_wconf 89' lang='lat' dir='ltr'>aut</span> <span class='ocrx_word' id='word_1_13' title='bbox 384 425 418 489; x_wconf 91' lang='lat' dir='ltr'>in</span> <span class='ocrx_word' id='word_1_14' title='bbox 440 425 525 489; x_wconf 86' lang='lat' dir='ltr'>ostio</span> <span class='ocrx_word' id='word_1_15' title='bbox 548 424 709 506; x_wconf 76' lang='lat' dir='ltr'>Tiberim,</span> <span class='ocrx_word' id='word_1_16' title='bbox 732 445 827 507; x_wconf 90' lang='lat' dir='ltr'>quem</span> <span class='ocrx_word' id='word_1_17' title='bbox 849 423 1020 489; x_wconf 89' lang='lat' dir='ltr'>inlocum</span> <span class='ocrx_word' id='word_1_18' title='bbox 1044 428 1163 492; x_wconf 85' lang='lat' dir='ltr'>multis</span> 
     </span>
     <span class='ocr_line' id='line_1_4' title="bbox 147 510 1162 600; baseline 0.002 -22"><span class='ocrx_word' id='word_1_19' title='bbox 147 517 222 599; x_wconf 90' lang='lat' dir='ltr'>post</span> <span class='ocrx_word' id='word_1_20' title='bbox 250 513 342 577; x_wconf 89' lang='lat' dir='ltr'>annis</span> <span class='ocrx_word' id='word_1_21' title='bbox 370 534 425 576; x_wconf 90' lang='lat' dir='ltr'>rex</span> <span class='ocrx_word' id='word_1_22' title='bbox 448 512 557 577; x_wconf 84' lang='lat' dir='ltr'>Ancus</span> <span class='ocrx_word' id='word_1_23' title='bbox 585 511 745 576; x_wconf 90' lang='lat' dir='ltr'>coloniam</span> <span class='ocrx_word' id='word_1_24' title='bbox 773 510 916 594; x_wconf 84' lang='lat' dir='ltr'>deduxit,</span> <span class='ocrx_word' id='word_1_25' title='bbox 943 513 1067 578; x_wconf 89' lang='lat' dir='ltr'>urbem</span> <span class='ocrx_word' id='word_1_26' title='bbox 1091 515 1162 600; x_wconf 86' lang='lat' dir='ltr'>ipsc</span> 
     </span>
     <span class='ocr_line' id='line_1_5' title="bbox 147 598 1161 683; baseline 0.002 -17"><span class='ocrx_word' id='word_1_27' title='bbox 147 601 312 683; x_wconf 87' lang='lat' dir='ltr'>conderet,</span> <span class='ocrx_word' id='word_1_28' title='bbox 336 600 391 664; x_wconf 89' lang='lat' dir='ltr'>sed</span> <span class='ocrx_word' id='word_1_29' title='bbox 413 599 475 664; x_wconf 94' lang='lat' dir='ltr'>hoc</span> <span class='ocrx_word' id='word_1_30' title='bbox 497 600 547 665; x_wconf 85' lang='lat' dir='ltr'>vir</span> <span class='ocrx_word' id='word_1_31' title='bbox 570 599 739 664; x_wconf 80' lang='lat' dir='ltr'>excellenti</span> <span class='ocrx_word' id='word_1_32' title='bbox 761 598 965 683; x_wconf 83' lang='lat' dir='ltr'>providentia</span> <span class='ocrx_word' id='word_1_33' title='bbox 991 602 1101 666; x_wconf 85' lang='lat' dir='ltr'>sensit</span> <span class='ocrx_word' id='word_1_34' title='bbox 1125 625 1161 669; x_wconf 88' lang='lat' dir='ltr'>ac</span> 
     </span>
     <span class='ocr_line' id='line_1_6' title="bbox 146 686 1161 772; baseline 0.002 -19"><span class='ocrx_word' id='word_1_35' title='bbox 146 689 242 772; x_wconf 82' lang='lat' dir='ltr'>vidit,</span> <span class='ocrx_word' id='word_1_36' title='bbox 269 709 336 752; x_wconf 91' lang='lat' dir='ltr'>non</span> <span class='ocrx_word' id='word_1_37' title='bbox 363 708 432 752; x_wconf 87' lang='lat' dir='ltr'>esse</span> <span class='ocrx_word' id='word_1_38' title='bbox 459 687 729 770; x_wconf 73' lang='lat' dir='ltr'>oportunissimos</span> <span class='ocrx_word' id='word_1_39' title='bbox 756 686 837 750; x_wconf 86' lang='lat' dir='ltr'>situs</span> <span class='ocrx_word' id='word_1_40' title='bbox 860 687 1047 753; x_wconf 89' lang='lat' dir='ltr'>maritimos</span> <span class='ocrx_word' id='word_1_41' title='bbox 1073 691 1161 755; x_wconf 93' lang='lat' dir='ltr'>urbi·</span> 
     </span>
     <span class='ocr_line' id='line_1_7' title="bbox 147 773 1159 862; baseline 0.001 -21"><span class='ocrx_word' id='word_1_42' title='bbox 147 777 208 841; x_wconf 89' lang='lat' dir='ltr'>bus</span> <span class='ocrx_word' id='word_1_43' title='bbox 232 776 287 859; x_wconf 88' lang='lat' dir='ltr'>eis,</span> <span class='ocrx_word' id='word_1_44' title='bbox 310 797 392 858; x_wconf 90' lang='lat' dir='ltr'>quae</span> <span class='ocrx_word' id='word_1_45' title='bbox 415 774 455 838; x_wconf 90' lang='lat' dir='ltr'>ad</span> <span class='ocrx_word' id='word_1_46' title='bbox 475 795 564 858; x_wconf 88' lang='lat' dir='ltr'>spem</span> <span class='ocrx_word' id='word_1_47' title='bbox 583 773 803 838; x_wconf 86' lang='lat' dir='ltr'>diuturnitatis</span> <span class='ocrx_word' id='word_1_48' title='bbox 821 774 1038 840; x_wconf 80' lang='lat' dir='ltr'>conderentur</span> <span class='ocrx_word' id='word_1_49' title='bbox 1057 781 1159 862; x_wconf 89' lang='lat' dir='ltr'>atque</span> 
     </span>
     <span class='ocr_line' id='line_1_8' title="bbox 147 861 1159 948; baseline 0.004 -21"><span class='ocrx_word' id='word_1_50' title='bbox 147 864 284 948; x_wconf 89' lang='lat' dir='ltr'>imperii,</span> <span class='ocrx_word' id='word_1_51' title='bbox 307 863 448 947; x_wconf 90' lang='lat' dir='ltr'>primum</span> <span class='ocrx_word' id='word_1_52' title='bbox 471 861 556 945; x_wconf 91' lang='lat' dir='ltr'>quod</span> <span class='ocrx_word' id='word_1_53' title='bbox 575 865 683 926; x_wconf 86' lang='lat' dir='ltr'>essent</span> <span class='ocrx_word' id='word_1_54' title='bbox 700 861 796 925; x_wconf 88' lang='lat' dir='ltr'>urbes</span> <span class='ocrx_word' id='word_1_55' title='bbox 815 862 999 926; x_wconf 77' lang='lat' dir='ltr'>maritimae</span> <span class='ocrx_word' id='word_1_56' title='bbox 1018 885 1091 929; x_wconf 89' lang='lat' dir='ltr'>non</span> <span class='ocrx_word' id='word_1_57' title='bbox 1110 887 1159 931; x_wconf 79' lang='lat' dir='ltr'>so</span> 
     </span>
     <span class='ocr_line' id='line_1_9' title="bbox 148 948 1158 1038; baseline 0.005 -24"><span class='ocrx_word' id='word_1_58' title='bbox 148 978 175 1029; x_wconf 88' lang='lat' dir='ltr'>p.</span> <span class='ocrx_word' id='word_1_59' title='bbox 192 954 254 1030; x_wconf 76' lang='lat' dir='ltr'>los]</span> <span class='ocrx_word' id='word_1_60' title='bbox 278 951 347 1013; x_wconf 87' lang='lat' dir='ltr'>ium</span> <span class='ocrx_word' id='word_1_61' title='bbox 369 949 480 1013; x_wconf 91' lang='lat' dir='ltr'>multis</span> <span class='ocrx_word' id='word_1_62' title='bbox 499 949 650 1033; x_wconf 89' lang='lat' dir='ltr'>periculis</span> <span class='ocrx_word' id='word_1_63' title='bbox 668 948 845 1032; x_wconf 90' lang='lat' dir='ltr'>oppositae,</span> <span class='ocrx_word' id='word_1_64' title='bbox 869 949 923 1013; x_wconf 88' lang='lat' dir='ltr'>sed</span> <span class='ocrx_word' id='word_1_65' title='bbox 942 949 1046 1015; x_wconf 88' lang='lat' dir='ltr'>etiam</span> <span class='ocrx_word' id='word_1_66' title='bbox 1062 949 1067 1038; x_wconf 85' lang='grc' dir='ltr'>Ι</span> <span class='ocrx_word' id='word_1_67' title='bbox 1089 974 1158 1019; x_wconf 81' lang='lat' dir='ltr'>cac·</span> 
     </span>
    </p>

    <p class='ocr_par' dir='ltr' id='par_1_3' title="bbox 109 1036 1158 2877">
     <span class='ocr_line' id='line_1_10' title="bbox 115 1036 1157 1106; baseline 0.009 -8"><span class='ocrx_word' id='word_1_68' title='bbox 115 1050 131 1098; x_wconf 83' lang='lat' dir='ltr'>o</span> <span class='ocrx_word' id='word_1_69' title='bbox 149 1038 204 1103; x_wconf 89' lang='lat' dir='ltr'>cis.</span> <span class='ocrx_word' id='word_1_70' title='bbox 234 1036 320 1101; x_wconf 89' lang='lat' dir='ltr'>Nam</span> <span class='ocrx_word' id='word_1_71' title='bbox 342 1040 431 1101; x_wconf 86' lang='lat' dir='ltr'>terra</span> <span class='ocrx_word' id='word_1_72' title='bbox 448 1037 616 1101; x_wconf 91' lang='lat' dir='ltr'>continens</span> <span class='ocrx_word' id='word_1_73' title='bbox 635 1038 789 1101; x_wconf 87' lang='lat' dir='ltr'>adventus</span> <span class='ocrx_word' id='word_1_74' title='bbox 807 1036 952 1101; x_wconf 89' lang='lat' dir='ltr'>hostium</span> <span class='ocrx_word' id='word_1_75' title='bbox 968 1059 1038 1102; x_wconf 91' lang='lat' dir='ltr'>non</span> <span class='ocrx_word' id='word_1_76' title='bbox 1056 1042 1157 1106; x_wconf 90' lang='lat' dir='ltr'>modo</span> 
     </span>
     <span class='ocr_line' id='line_1_11' title="bbox 149 1124 1158 1209; baseline 0.006 -21"><span class='ocrx_word' id='word_1_77' title='bbox 149 1127 349 1209; x_wconf 88' lang='lat' dir='ltr'>expectatos,</span> <span class='ocrx_word' id='word_1_78' title='bbox 381 1125 436 1188; x_wconf 88' lang='lat' dir='ltr'>sed</span> <span class='ocrx_word' id='word_1_79' title='bbox 468 1124 566 1188; x_wconf 89' lang='lat' dir='ltr'>etiam</span> <span class='ocrx_word' id='word_1_80' title='bbox 599 1124 782 1209; x_wconf 88' lang='lat' dir='ltr'>repentinos</span> <span class='ocrx_word' id='word_1_81' title='bbox 814 1124 927 1188; x_wconf 89' lang='lat' dir='ltr'>multis</span> <span class='ocrx_word' id='word_1_82' title='bbox 958 1124 1094 1192; x_wconf 89' lang='lat' dir='ltr'>indiciis</span> <span class='ocrx_word' id='word_1_83' title='bbox 1124 1133 1158 1194; x_wconf 88' lang='lat' dir='ltr'>et</span> 
     </span>
     <span class='ocr_line' id='line_1_12' title="bbox 149 1210 1156 1300; baseline 0.004 -24"><span class='ocrx_word' id='word_1_84' title='bbox 149 1211 242 1295; x_wconf 89' lang='lat' dir='ltr'>quasi</span> <span class='ocrx_word' id='word_1_85' title='bbox 268 1210 397 1296; x_wconf 83' lang='lat' dir='ltr'>fragore</span> <span class='ocrx_word' id='word_1_86' title='bbox 427 1213 565 1295; x_wconf 90' lang='lat' dir='ltr'>quodam</span> <span class='ocrx_word' id='word_1_87' title='bbox 588 1215 622 1276; x_wconf 88' lang='lat' dir='ltr'>et</span> <span class='ocrx_word' id='word_1_88' title='bbox 644 1211 752 1276; x_wconf 90' lang='lat' dir='ltr'>sonitu</span> <span class='ocrx_word' id='word_1_89' title='bbox 774 1211 846 1296; x_wconf 91' lang='lat' dir='ltr'>ipso</span> <span class='ocrx_word' id='word_1_90' title='bbox 869 1214 944 1275; x_wconf 90' lang='lat' dir='ltr'>ante</span> <span class='ocrx_word' id='word_1_91' title='bbox 966 1212 1156 1300; x_wconf 77' lang='lat' dir='ltr'>denuntiat3</span> 
     </span>
     <span class='ocr_line' id='line_1_13' title="bbox 148 1298 1156 1387; baseline 0.003 -23"><span class='ocrx_word' id='word_1_92' title='bbox 148 1321 251 1383; x_wconf 88' lang='lat' dir='ltr'>neque</span> <span class='ocrx_word' id='word_1_93' title='bbox 283 1321 359 1364; x_wconf 87' lang='lat' dir='ltr'>vero</span> <span class='ocrx_word' id='word_1_94' title='bbox 392 1300 562 1383; x_wconf 87' lang='lat' dir='ltr'>quisquam</span> <span class='ocrx_word' id='word_1_95' title='bbox 592 1302 701 1384; x_wconf 86' lang='lat' dir='ltr'>potest</span> <span class='ocrx_word' id='word_1_96' title='bbox 731 1298 835 1363; x_wconf 87' lang='lat' dir='ltr'>hostis</span> <span class='ocrx_word' id='word_1_97' title='bbox 868 1299 1021 1365; x_wconf 84' lang='lat' dir='ltr'>advolare</span> <span class='ocrx_word' id='word_1_98' title='bbox 1053 1305 1156 1387; x_wconf 88' lang='lat' dir='ltr'>terra,</span> 
     </span>
     <span class='ocr_line' id='line_1_14' title="bbox 150 1386 1155 1474; baseline 0.003 -22"><span class='ocrx_word' id='word_1_99' title='bbox 150 1389 228 1471; x_wconf 93' lang='lat' dir='ltr'>quin</span> <span class='ocrx_word' id='word_1_100' title='bbox 250 1409 323 1452; x_wconf 91' lang='lat' dir='ltr'>eum</span> <span class='ocrx_word' id='word_1_101' title='bbox 345 1408 411 1451; x_wconf 92' lang='lat' dir='ltr'>non</span> <span class='ocrx_word' id='word_1_102' title='bbox 432 1388 528 1452; x_wconf 93' lang='lat' dir='ltr'>modo</span> <span class='ocrx_word' id='word_1_103' title='bbox 551 1408 630 1470; x_wconf 89' lang='lat' dir='ltr'>esse,</span> <span class='ocrx_word' id='word_1_104' title='bbox 654 1386 709 1451; x_wconf 88' lang='lat' dir='ltr'>scd</span> <span class='ocrx_word' id='word_1_105' title='bbox 732 1387 830 1451; x_wconf 90' lang='lat' dir='ltr'>etiam</span> <span class='ocrx_word' id='word_1_106' title='bbox 853 1386 924 1470; x_wconf 91' lang='lat' dir='ltr'>quis</span> <span class='ocrx_word' id='word_1_107' title='bbox 943 1390 976 1451; x_wconf 86' lang='lat' dir='ltr'>et</span> <span class='ocrx_word' id='word_1_108' title='bbox 993 1389 1082 1454; x_wconf 89' lang='lat' dir='ltr'>unde</span> <span class='ocrx_word' id='word_1_109' title='bbox 1103 1391 1155 1474; x_wconf 90' lang='lat' dir='ltr'>sit,</span> 
     </span>
     <span class='ocr_line' id='line_1_15' title="bbox 150 1474 1155 1560; baseline 0.003 -20"><span class='ocrx_word' id='word_1_110' title='bbox 150 1476 230 1540; x_wconf 91' lang='lat' dir='ltr'>scire</span> <span class='ocrx_word' id='word_1_111' title='bbox 252 1474 421 1560; x_wconf 87' lang='lat' dir='ltr'>possimus.</span> <span class='ocrx_word' id='word_1_112' title='bbox 456 1474 640 1539; x_wconf 88' lang='lat' dir='ltr'>Maritimus</span> <span class='ocrx_word' id='word_1_113' title='bbox 662 1495 738 1539; x_wconf 85' lang='lat' dir='ltr'>vero</span> <span class='ocrx_word' id='word_1_114' title='bbox 761 1474 816 1538; x_wconf 90' lang='lat' dir='ltr'>ille</span> <span class='ocrx_word' id='word_1_115' title='bbox 839 1477 872 1538; x_wconf 90' lang='lat' dir='ltr'>et</span> <span class='ocrx_word' id='word_1_116' title='bbox 893 1475 1021 1539; x_wconf 84' lang='lat' dir='ltr'>navalis</span> <span class='ocrx_word' id='word_1_117' title='bbox 1044 1477 1155 1542; x_wconf 90' lang='lat' dir='ltr'>hostis</span> 
     </span>
     <span class='ocr_line' id='line_1_16' title="bbox 150 1561 1155 1647; baseline 0.006 -21"><span class='ocrx_word' id='word_1_118' title='bbox 150 1566 224 1627; x_wconf 90' lang='lat' dir='ltr'>ante</span> <span class='ocrx_word' id='word_1_119' title='bbox 256 1563 367 1626; x_wconf 86' lang='lat' dir='ltr'>adesse</span> <span class='ocrx_word' id='word_1_120' title='bbox 398 1565 519 1647; x_wconf 88' lang='lat' dir='ltr'>potest,</span> <span class='ocrx_word' id='word_1_121' title='bbox 552 1583 649 1646; x_wconf 89' lang='lat' dir='ltr'>quam</span> <span class='ocrx_word' id='word_1_122' title='bbox 680 1561 851 1645; x_wconf 88' lang='lat' dir='ltr'>quisquam</span> <span class='ocrx_word' id='word_1_123' title='bbox 878 1566 1053 1628; x_wconf 84' lang='lat' dir='ltr'>venturum</span> <span class='ocrx_word' id='word_1_124' title='bbox 1081 1587 1155 1631; x_wconf 89' lang='lat' dir='ltr'>esse</span> 
     </span>
     <span class='ocr_line' id='line_1_17' title="bbox 148 1649 1154 1738; baseline 0.005 -24"><span class='ocrx_word' id='word_1_125' title='bbox 148 1679 177 1730; x_wconf 84' lang='lat' dir='ltr'>p.</span> <span class='ocrx_word' id='word_1_126' title='bbox 185 1653 249 1731; x_wconf 76' lang='lat'>167]</span> <span class='ocrx_word' id='word_1_127' title='bbox 265 1650 421 1734; x_wconf 87' lang='lat' dir='ltr'>suspicari</span> <span class='ocrx_word' id='word_1_128' title='bbox 435 1653 541 1733; x_wconf 86' lang='lat' dir='ltr'>queat,</span> <span class='ocrx_word' id='word_1_129' title='bbox 554 1671 612 1714; x_wconf 90' lang='lat' dir='ltr'>nec</span> <span class='ocrx_word' id='word_1_130' title='bbox 625 1671 710 1731; x_wconf 85' lang='lat' dir='ltr'>vero,</span> <span class='ocrx_word' id='word_1_131' title='bbox 724 1671 796 1714; x_wconf 88' lang='lat' dir='ltr'>cum</span> <span class='ocrx_word' id='word_1_132' title='bbox 810 1649 907 1733; x_wconf 76' lang='lat' dir='ltr'>venit,</span> <span class='ocrx_word' id='word_1_133' title='bbox 920 1671 999 1734; x_wconf 88' lang='lat' dir='ltr'>prae</span> <span class='ocrx_word' id='word_1_134' title='bbox 1013 1673 1050 1716; x_wconf 88' lang='lat' dir='ltr'>se</span> <span class='ocrx_word' id='word_1_135' title='bbox 1062 1649 1065 1738; x_wconf 67' lang='grc'><strong>4</strong></span> <span class='ocrx_word' id='word_1_136' title='bbox 1076 1653 1154 1738; x_wconf 89' lang='lat' dir='ltr'>fert,</span> 
     </span>
     <span class='ocr_line' id='line_1_18' title="bbox 150 1736 1155 1824; baseline 0.005 -22"><span class='ocrx_word' id='word_1_137' title='bbox 150 1741 206 1803; x_wconf 90' lang='lat' dir='ltr'>aut</span> <span class='ocrx_word' id='word_1_138' title='bbox 229 1738 284 1822; x_wconf 92' lang='lat' dir='ltr'>qui</span> <span class='ocrx_word' id='word_1_139' title='bbox 307 1738 351 1802; x_wconf 89' lang='lat' dir='ltr'>sit</span> <span class='ocrx_word' id='word_1_140' title='bbox 373 1740 429 1801; x_wconf 89' lang='lat' dir='ltr'>aut</span> <span class='ocrx_word' id='word_1_141' title='bbox 450 1738 533 1801; x_wconf 89' lang='lat' dir='ltr'>unde</span> <span class='ocrx_word' id='word_1_142' title='bbox 556 1737 664 1802; x_wconf 84' lang='lat' dir='ltr'>veniat</span> <span class='ocrx_word' id='word_1_143' title='bbox 687 1739 742 1801; x_wconf 88' lang='lat' dir='ltr'>aut</span> <span class='ocrx_word' id='word_1_144' title='bbox 765 1736 863 1801; x_wconf 89' lang='lat' dir='ltr'>etiam</span> <span class='ocrx_word' id='word_1_145' title='bbox 886 1737 962 1820; x_wconf 91' lang='lat' dir='ltr'>quid</span> <span class='ocrx_word' id='word_1_146' title='bbox 984 1740 1077 1824; x_wconf 82' lang='lat' dir='ltr'>velit,</span> <span class='ocrx_word' id='word_1_147' title='bbox 1102 1742 1155 1807; x_wconf 77' lang='lat' dir='ltr'>de</span> 
     </span>
     <span class='ocr_line' id='line_1_19' title="bbox 148 1824 1154 1913; baseline 0.004 -23"><span class='ocrx_word' id='word_1_148' title='bbox 148 1826 245 1909; x_wconf 88' lang='lat' dir='ltr'>nique</span> <span class='ocrx_word' id='word_1_149' title='bbox 267 1847 307 1889; x_wconf 90' lang='lat' dir='ltr'>ne</span> <span class='ocrx_word' id='word_1_150' title='bbox 329 1828 408 1889; x_wconf 89' lang='lat' dir='ltr'>nota</span> <span class='ocrx_word' id='word_1_151' title='bbox 431 1824 559 1908; x_wconf 89' lang='lat' dir='ltr'>quidem</span> <span class='ocrx_word' id='word_1_152' title='bbox 576 1825 653 1908; x_wconf 90' lang='lat' dir='ltr'>ulla,</span> <span class='ocrx_word' id='word_1_153' title='bbox 675 1826 809 1909; x_wconf 88' lang='lat' dir='ltr'>pacatus</span> <span class='ocrx_word' id='word_1_154' title='bbox 828 1846 871 1889; x_wconf 88' lang='lat' dir='ltr'>an</span> <span class='ocrx_word' id='word_1_155' title='bbox 888 1825 994 1889; x_wconf 89' lang='lat' dir='ltr'>hostis</span> <span class='ocrx_word' id='word_1_156' title='bbox 1014 1827 1070 1913; x_wconf 87' lang='lat' dir='ltr'>sit,</span> <span class='ocrx_word' id='word_1_157' title='bbox 1090 1829 1154 1894; x_wconf 85' lang='lat' dir='ltr'>dis-</span> 
     </span>
     <span class='ocr_line' id='line_1_20' title="bbox 109 1912 1154 2084; baseline 0.008 -22"><span class='ocrx_word' id='word_1_158' title='bbox 109 1970 131 2032; x_wconf 84' lang='lat'><strong>4</strong></span> <span class='ocrx_word' id='word_1_159' title='bbox 149 1912 601 2063; x_wconf 52' lang='lat' dir='ltr'>cemhsicahhdihalhdrittiihis</span> <span class='ocrx_word' id='word_1_160' title='bbox 624 1999 757 2064; x_wconf 88' lang='lat' dir='ltr'>urbibus</span> <span class='ocrx_word' id='word_1_161' title='bbox 780 1999 879 2064; x_wconf 91' lang='lat' dir='ltr'>etiam</span> <span class='ocrx_word' id='word_1_162' title='bbox 902 2000 1063 2084; x_wconf 89' lang='lat' dir='ltr'>quaedam</span> <span class='ocrx_word' id='word_1_163' title='bbox 1083 2026 1154 2070; x_wconf 89' lang='lat' dir='ltr'>cor·</span> 
     </span>
     <span class='ocr_line' id='line_1_21' title="bbox 115 2048 1153 2170; baseline 0.009 -21"><span class='ocrx_word' id='word_1_164' title='bbox 115 2048 278 2168; x_wconf 76' lang='lat' dir='ltr'>⁷ruptela</span> <span class='ocrx_word' id='word_1_165' title='bbox 300 2107 337 2149; x_wconf 86' lang='lat' dir='ltr'>ac</span> <span class='ocrx_word' id='word_1_166' title='bbox 360 2085 536 2149; x_wconf 88' lang='lat' dir='ltr'>demutatio</span> <span class='ocrx_word' id='word_1_167' title='bbox 555 2107 694 2170; x_wconf 81' lang='lat' dir='ltr'>morum3</span> <span class='ocrx_word' id='word_1_168' title='bbox 717 2087 932 2152; x_wconf 84' lang='lat' dir='ltr'>admiscentur</span> <span class='ocrx_word' id='word_1_169' title='bbox 950 2089 1038 2154; x_wconf 90' lang='lat' dir='ltr'>enim</span> <span class='ocrx_word' id='word_1_170' title='bbox 1055 2094 1153 2159; x_wconf 88' lang='lat' dir='ltr'>novis</span> 
     </span>
     <span class='ocr_line' id='line_1_22' title="bbox 149 2171 1153 2258; baseline 0.01 -22"><span class='ocrx_word' id='word_1_171' title='bbox 149 2171 349 2236; x_wconf 89' lang='lat' dir='ltr'>sermonibus</span> <span class='ocrx_word' id='word_1_172' title='bbox 377 2193 414 2235; x_wconf 90' lang='lat' dir='ltr'>ac</span> <span class='ocrx_word' id='word_1_173' title='bbox 441 2171 618 2257; x_wconf 89' lang='lat' dir='ltr'>disciplinis</span> <span class='ocrx_word' id='word_1_174' title='bbox 646 2177 679 2238; x_wconf 88' lang='lat' dir='ltr'>et</span> <span class='ocrx_word' id='word_1_175' title='bbox 705 2174 911 2258; x_wconf 87' lang='lat' dir='ltr'>inportantur</span> <span class='ocrx_word' id='word_1_176' title='bbox 936 2197 1003 2241; x_wconf 91' lang='lat' dir='ltr'>non</span> <span class='ocrx_word' id='word_1_177' title='bbox 1025 2201 1153 2247; x_wconf 90' lang='lat' dir='ltr'>merces</span> 
     </span>
     <span class='ocr_line' id='line_1_23' title="bbox 148 2257 1154 2352; baseline 0.01 -28"><span class='ocrx_word' id='word_1_178' title='bbox 148 2260 253 2324; x_wconf 91' lang='lat' dir='ltr'>solum</span> <span class='ocrx_word' id='word_1_179' title='bbox 281 2257 492 2343; x_wconf 82' lang='lat' dir='ltr'>adventiciae,</span> <span class='ocrx_word' id='word_1_180' title='bbox 520 2261 575 2324; x_wconf 88' lang='lat' dir='ltr'>sed</span> <span class='ocrx_word' id='word_1_181' title='bbox 602 2262 700 2326; x_wconf 88' lang='lat' dir='ltr'>etiam</span> <span class='ocrx_word' id='word_1_182' title='bbox 727 2284 846 2346; x_wconf 90' lang='lat' dir='ltr'>mores,</span> <span class='ocrx_word' id='word_1_183' title='bbox 872 2266 910 2327; x_wconf 92' lang='lat' dir='ltr'>ut</span> <span class='ocrx_word' id='word_1_184' title='bbox 936 2263 1020 2328; x_wconf 88' lang='lat' dir='ltr'>nihil</span> <span class='ocrx_word' id='word_1_185' title='bbox 1042 2271 1154 2352; x_wconf 90' lang='lat' dir='ltr'>possit</span> 
     </span>
     <span class='ocr_line' id='line_1_24' title="bbox 146 2346 1153 2437; baseline 0.01 -26"><span class='ocrx_word' id='word_1_186' title='bbox 146 2376 174 2427; x_wconf 81' lang='lat' dir='ltr'>p.</span> <span class='ocrx_word' id='word_1_187' title='bbox 196 2349 258 2427; x_wconf 79' lang='lat'><strong>168]</strong></span> <span class='ocrx_word' id='word_1_188' title='bbox 285 2346 321 2410; x_wconf 92' lang='lat' dir='ltr'>in</span> <span class='ocrx_word' id='word_1_189' title='bbox 352 2346 468 2431; x_wconf 89' lang='lat' dir='ltr'>patriis</span> <span class='ocrx_word' id='word_1_190' title='bbox 499 2347 658 2413; x_wconf 88' lang='lat' dir='ltr'>institutis</span> <span class='ocrx_word' id='word_1_191' title='bbox 689 2370 819 2415; x_wconf 88' lang='lat' dir='ltr'>manere</span> <span class='ocrx_word' id='word_1_192' title='bbox 850 2347 1031 2437; x_wconf 71' lang='lat' dir='ltr'>inltegrum.</span> <span class='ocrx_word' id='word_1_193' title='bbox 1079 2355 1153 2422; x_wconf 89' lang='lat' dir='ltr'>Iam</span> 
     </span>
     <span class='ocr_line' id='line_1_25' title="bbox 148 2435 1153 2529; baseline 0.008 -30"><span class='ocrx_word' id='word_1_194' title='bbox 148 2435 204 2519; x_wconf 86' lang='lat' dir='ltr'>qui</span> <span class='ocrx_word' id='word_1_195' title='bbox 229 2435 375 2499; x_wconf 88' lang='lat' dir='ltr'>incolunt</span> <span class='ocrx_word' id='word_1_196' title='bbox 402 2457 456 2499; x_wconf 88' lang='lat' dir='ltr'>eas</span> <span class='ocrx_word' id='word_1_197' title='bbox 482 2437 592 2521; x_wconf 87' lang='lat' dir='ltr'>urbes,</span> <span class='ocrx_word' id='word_1_198' title='bbox 618 2458 684 2501; x_wconf 92' lang='lat' dir='ltr'>non</span> <span class='ocrx_word' id='word_1_199' title='bbox 705 2436 841 2501; x_wconf 88' lang='lat' dir='ltr'>haerent</span> <span class='ocrx_word' id='word_1_200' title='bbox 862 2437 897 2502; x_wconf 93' lang='lat' dir='ltr'>in</span> <span class='ocrx_word' id='word_1_201' title='bbox 919 2439 985 2503; x_wconf 89' lang='lat' dir='ltr'>suis</span> <span class='ocrx_word' id='word_1_202' title='bbox 1009 2441 1153 2529; x_wconf 85' lang='lat' dir='ltr'>sedibus,</span> 
     </span>
     <span class='ocr_line' id='line_1_26' title="bbox 148 2523 1152 2610; baseline 0.009 -23"><span class='ocrx_word' id='word_1_203' title='bbox 148 2523 204 2587; x_wconf 88' lang='lat' dir='ltr'>sed</span> <span class='ocrx_word' id='word_1_204' title='bbox 221 2523 345 2588; x_wconf 85' lang='lat' dir='ltr'>volucri</span> <span class='ocrx_word' id='word_1_205' title='bbox 362 2544 489 2608; x_wconf 90' lang='lat' dir='ltr'>semper</span> <span class='ocrx_word' id='word_1_206' title='bbox 507 2544 563 2608; x_wconf 90' lang='lat' dir='ltr'>spe</span> <span class='ocrx_word' id='word_1_207' title='bbox 578 2527 610 2588; x_wconf 87' lang='lat' dir='ltr'>et</span> <span class='ocrx_word' id='word_1_208' title='bbox 624 2523 820 2609; x_wconf 83' lang='lat' dir='ltr'>cogitatione</span> <span class='ocrx_word' id='word_1_209' title='bbox 833 2525 1003 2610; x_wconf 90' lang='lat' dir='ltr'>rapiuntur</span> <span class='ocrx_word' id='word_1_210' title='bbox 1017 2549 1037 2592; x_wconf 90' lang='lat' dir='ltr'>a</span> <span class='ocrx_word' id='word_1_211' title='bbox 1051 2529 1152 2597; x_wconf 93' lang='lat' dir='ltr'>domo</span> 
     </span>
     <span class='ocr_line' id='line_1_27' title="bbox 148 2610 1152 2697; baseline 0.009 -23"><span class='ocrx_word' id='word_1_212' title='bbox 148 2610 291 2695; x_wconf 90' lang='lat' dir='ltr'>longius,</span> <span class='ocrx_word' id='word_1_213' title='bbox 316 2613 412 2694; x_wconf 87' lang='lat' dir='ltr'>atque</span> <span class='ocrx_word' id='word_1_214' title='bbox 435 2611 534 2675; x_wconf 87' lang='lat' dir='ltr'>etiam</span> <span class='ocrx_word' id='word_1_215' title='bbox 556 2632 628 2675; x_wconf 90' lang='lat' dir='ltr'>cum</span> <span class='ocrx_word' id='word_1_216' title='bbox 649 2616 781 2676; x_wconf 88' lang='lat' dir='ltr'>manent</span> <span class='ocrx_word' id='word_1_217' title='bbox 804 2633 946 2697; x_wconf 88' lang='lat' dir='ltr'>corpore,</span> <span class='ocrx_word' id='word_1_218' title='bbox 968 2615 1079 2681; x_wconf 90' lang='lat' dir='ltr'>animo</span> <span class='ocrx_word' id='word_1_219' title='bbox 1101 2621 1152 2684; x_wconf 87' lang='lat' dir='ltr'>ta·</span> 
     </span>
     <span class='ocr_line' id='line_1_28' title="bbox 147 2697 1150 2790; baseline 0.008 -29"><span class='ocrx_word' id='word_1_220' title='bbox 147 2719 222 2762; x_wconf 92' lang='lat' dir='ltr'>men</span> <span class='ocrx_word' id='word_1_221' title='bbox 249 2699 380 2762; x_wconf 83' lang='lat' dir='ltr'>exulant</span> <span class='ocrx_word' id='word_1_222' title='bbox 409 2701 441 2762; x_wconf 90' lang='lat' dir='ltr'>et</span> <span class='ocrx_word' id='word_1_223' title='bbox 467 2702 637 2783; x_wconf 80' lang='lat' dir='ltr'>vagantur.</span> <span class='ocrx_word' id='word_1_224' title='bbox 681 2697 750 2763; x_wconf 88' lang='lat' dir='ltr'>Nec</span> <span class='ocrx_word' id='word_1_225' title='bbox 775 2721 852 2764; x_wconf 86' lang='lat' dir='ltr'>vero</span> <span class='ocrx_word' id='word_1_226' title='bbox 874 2700 943 2765; x_wconf 91' lang='lat' dir='ltr'>ulla</span> <span class='ocrx_word' id='word_1_227' title='bbox 965 2723 1017 2766; x_wconf 90' lang='lat' dir='ltr'>res</span> <span class='ocrx_word' id='word_1_228' title='bbox 1040 2706 1150 2790; x_wconf 87' lang='lat' dir='ltr'>magis</span> 
     </span>
     <span class='ocr_line' id='line_1_29' title="bbox 147 2783 1151 2877; baseline 0.008 -28"><span class='ocrx_word' id='word_1_229' title='bbox 147 2784 377 2850; x_wconf 87' lang='lat' dir='ltr'>labefactatam</span> <span class='ocrx_word' id='word_1_230' title='bbox 404 2785 459 2849; x_wconf 91' lang='lat' dir='ltr'>diu</span> <span class='ocrx_word' id='word_1_231' title='bbox 486 2789 519 2849; x_wconf 88' lang='lat' dir='ltr'>et</span> <span class='ocrx_word' id='word_1_232' title='bbox 545 2783 776 2871; x_wconf 77' lang='lat' dir='ltr'>Carthaginem</span> <span class='ocrx_word' id='word_1_233' title='bbox 803 2791 836 2851; x_wconf 88' lang='lat' dir='ltr'>et</span> <span class='ocrx_word' id='word_1_234' title='bbox 858 2785 1051 2855; x_wconf 78' lang='lat' dir='ltr'>Corinthum</span> <span class='ocrx_word' id='word_1_235' title='bbox 1077 2814 1151 2877; x_wconf 86' lang='lat' dir='ltr'>per·</span> 
     </span>
    </p>

    <p class='ocr_par' dir='ltr' id='par_1_4' title="bbox 99 2871 1150 3054">
     <span class='ocr_line' id='line_1_30' title="bbox 99 2871 1150 2965; baseline 0.005 -27"><span class='ocrx_word' id='word_1_236' title='bbox 99 2885 100 2888; x_wconf 76' lang='grc'>’</span> <span class='ocrx_word' id='word_1_237' title='bbox 144 2873 246 2938; x_wconf 84' lang='lat' dir='ltr'>vertit</span> <span class='ocrx_word' id='word_1_238' title='bbox 269 2871 442 2957; x_wconf 89' lang='lat' dir='ltr'>aliquando</span> <span class='ocrx_word' id='word_1_239' title='bbox 466 2895 563 2957; x_wconf 90' lang='lat' dir='ltr'>quam</span> <span class='ocrx_word' id='word_1_240' title='bbox 584 2873 637 2937; x_wconf 92' lang='lat' dir='ltr'>hic</span> <span class='ocrx_word' id='word_1_241' title='bbox 660 2895 749 2938; x_wconf 91' lang='lat' dir='ltr'>error</span> <span class='ocrx_word' id='word_1_242' title='bbox 772 2897 809 2939; x_wconf 90' lang='lat' dir='ltr'>ac</span> <span class='ocrx_word' id='word_1_243' title='bbox 832 2874 1000 2959; x_wconf 87' lang='lat' dir='ltr'>dissipatio</span> <span class='ocrx_word' id='word_1_244' title='bbox 1019 2878 1150 2965; x_wconf 87' lang='lat' dir='ltr'>civium,</span> 
     </span>
     <span class='ocr_line' id='line_1_31' title="bbox 146 2960 1150 3054; baseline 0.008 -30"><span class='ocrx_word' id='word_1_245' title='bbox 146 2987 173 3038; x_wconf 88' lang='lat' dir='ltr'>p.</span> <span class='ocrx_word' id='word_1_246' title='bbox 189 2963 253 3042; x_wconf 76' lang='lat' dir='ltr'>aar]</span> <span class='ocrx_word' id='word_1_247' title='bbox 274 2961 359 3044; x_wconf 90' lang='lat' dir='ltr'>quod</span> <span class='ocrx_word' id='word_1_248' title='bbox 375 2961 539 3025; x_wconf 90' lang='lat' dir='ltr'>mercandi</span> <span class='ocrx_word' id='word_1_249' title='bbox 556 2960 731 3046; x_wconf 88' lang='lat' dir='ltr'>cupiditate</span> <span class='ocrx_word' id='word_1_250' title='bbox 749 2965 782 3026; x_wconf 94' lang='lat' dir='ltr'>et</span> <span class='ocrx_word' id='word_1_251' title='bbox 798 2960 984 3048; x_wconf 65' lang='lat' dir='ltr'>navilgandi</span> <span class='ocrx_word' id='word_1_252' title='bbox 1002 2967 1036 3029; x_wconf 89' lang='lat' dir='ltr'>et</span> <span class='ocrx_word' id='word_1_253' title='bbox 1053 2988 1150 3054; x_wconf 89' lang='lat' dir='ltr'>agro·</span> 
     </span>
    </p>

    <p class='ocr_par' dir='ltr' id='par_1_5' title="bbox 112 3048 1150 3226">
     <span class='ocr_line' id='line_1_32' title="bbox 112 3048 1150 3132; baseline 0.013 -25"><span class='ocrx_word' id='word_1_254' title='bbox 112 3059 128 3106; x_wconf 83' lang='lat'>8</span> <span class='ocrx_word' id='word_1_255' title='bbox 147 3069 219 3111; x_wconf 89' lang='lat' dir='ltr'>rum</span> <span class='ocrx_word' id='word_1_256' title='bbox 242 3051 275 3112; x_wconf 90' lang='lat' dir='ltr'>et</span> <span class='ocrx_word' id='word_1_257' title='bbox 298 3069 461 3113; x_wconf 90' lang='lat' dir='ltr'>armorum</span> <span class='ocrx_word' id='word_1_258' title='bbox 483 3048 606 3113; x_wconf 87' lang='lat' dir='ltr'>cultum</span> <span class='ocrx_word' id='word_1_259' title='bbox 623 3048 829 3132; x_wconf 88' lang='lat' dir='ltr'>reliquerant.</span> <span class='ocrx_word' id='word_1_260' title='bbox 864 3049 970 3115; x_wconf 90' lang='lat' dir='ltr'>Multa</span> <span class='ocrx_word' id='word_1_261' title='bbox 987 3052 1088 3119; x_wconf 87' lang='lat' dir='ltr'>etiam</span> <span class='ocrx_word' id='word_1_262' title='bbox 1108 3057 1150 3122; x_wconf 89' lang='lat' dir='ltr'>ad</span> 
     </span>
     <span class='ocr_line' id='line_1_33' title="bbox 146 3134 1149 3226; baseline 0.012 -30"><span class='ocrx_word' id='word_1_263' title='bbox 146 3134 306 3199; x_wconf 88' lang='lat' dir='ltr'>luxuriam</span> <span class='ocrx_word' id='word_1_264' title='bbox 337 3135 551 3200; x_wconf 85' lang='lat' dir='ltr'>invitamenta</span> <span class='ocrx_word' id='word_1_265' title='bbox 579 3136 758 3220; x_wconf 87' lang='lat' dir='ltr'>perniciosa</span> <span class='ocrx_word' id='word_1_266' title='bbox 785 3136 970 3203; x_wconf 81' lang='lat' dir='ltr'>civitatibus</span> <span class='ocrx_word' id='word_1_267' title='bbox 998 3142 1149 3226; x_wconf 85' lang='lat' dir='ltr'>subpedi-</span> 
     </span>
    </p>

    <p class='ocr_par' dir='ltr' id='par_1_6' title="bbox 67 3223 1149 3487">
     <span class='ocr_line' id='line_1_34' title="bbox 67 3223 1149 3312; baseline 0.011 -29"><span class='ocrx_word' id='word_1_268' title='bbox 67 3276 70 3282; x_wconf 90' lang='lat'>.</span> <span class='ocrx_word' id='word_1_269' title='bbox 145 3224 258 3286; x_wconf 86' lang='lat' dir='ltr'>tantur</span> <span class='ocrx_word' id='word_1_270' title='bbox 285 3223 380 3305; x_wconf 89' lang='lat' dir='ltr'>mari,</span> <span class='ocrx_word' id='word_1_271' title='bbox 408 3244 489 3307; x_wconf 90' lang='lat' dir='ltr'>quae</span> <span class='ocrx_word' id='word_1_272' title='bbox 512 3223 564 3288; x_wconf 85' lang='lat' dir='ltr'>vel</span> <span class='ocrx_word' id='word_1_273' title='bbox 587 3223 756 3309; x_wconf 89' lang='lat' dir='ltr'>capiuntur</span> <span class='ocrx_word' id='word_1_274' title='bbox 777 3226 830 3290; x_wconf 82' lang='lat' dir='ltr'>vel</span> <span class='ocrx_word' id='word_1_275' title='bbox 853 3225 1072 3312; x_wconf 83' lang='lat' dir='ltr'>inportantur3</span> <span class='ocrx_word' id='word_1_276' title='bbox 1101 3234 1149 3295; x_wconf 81' lang='lat' dir='ltr'>at</span> 
     </span>
     <span class='ocr_line' id='line_1_35' title="bbox 145 3309 1148 3398; baseline 0.01 -25"><span class='ocrx_word' id='word_1_277' title='bbox 145 3332 207 3394; x_wconf 90' lang='lat' dir='ltr'>que</span> <span class='ocrx_word' id='word_1_278' title='bbox 234 3309 333 3374; x_wconf 87' lang='lat' dir='ltr'>habet</span> <span class='ocrx_word' id='word_1_279' title='bbox 360 3309 459 3375; x_wconf 89' lang='lat' dir='ltr'>etiam</span> <span class='ocrx_word' id='word_1_280' title='bbox 487 3311 664 3376; x_wconf 87' lang='lat' dir='ltr'>amoenitas</span> <span class='ocrx_word' id='word_1_281' title='bbox 690 3311 762 3396; x_wconf 90' lang='lat' dir='ltr'>ipsa</span> <span class='ocrx_word' id='word_1_282' title='bbox 788 3313 840 3378; x_wconf 85' lang='lat' dir='ltr'>vel</span> <span class='ocrx_word' id='word_1_283' title='bbox 863 3317 1070 3398; x_wconf 79' lang='lat' dir='ltr'>sumptuosas</span> <span class='ocrx_word' id='word_1_284' title='bbox 1094 3320 1148 3383; x_wconf 82' lang='lat' dir='ltr'>vel</span> 
     </span>
     <span class='ocr_line' id='line_1_36' title="bbox 144 3396 1147 3487; baseline 0.008 -25"><span class='ocrx_word' id='word_1_285' title='bbox 144 3397 321 3463; x_wconf 89' lang='lat' dir='ltr'>desidiosas</span> <span class='ocrx_word' id='word_1_286' title='bbox 350 3396 529 3463; x_wconf 88' lang='lat' dir='ltr'>inlecebras</span> <span class='ocrx_word' id='word_1_287' title='bbox 557 3399 677 3463; x_wconf 86' lang='lat' dir='ltr'>multas</span> <span class='ocrx_word' id='word_1_288' title='bbox 705 3399 925 3484; x_wconf 88' lang='lat' dir='ltr'>cupiditatum.</span> <span class='ocrx_word' id='word_1_289' title='bbox 968 3401 1028 3486; x_wconf 76' lang='lat' dir='ltr'>nt,</span> <span class='ocrx_word' id='word_1_290' title='bbox 1061 3405 1147 3487; x_wconf 90' lang='lat' dir='ltr'>quod</span> 
     </span>
    </p>

    <p class='ocr_par' dir='ltr' id='par_1_7' title="bbox 67 3484 1148 3569">
     <span class='ocr_line' id='line_1_37' title="bbox 67 3484 1148 3569; baseline 0.009 -21"><span class='ocrx_word' id='word_1_291' title='bbox 67 3533 69 3537; x_wconf 13' lang='lat' dir='ltr'>a</span> <span class='ocrx_word' id='word_1_292' title='bbox 142 3484 183 3549; x_wconf 88' lang='lat' dir='ltr'>de</span> <span class='ocrx_word' id='word_1_293' title='bbox 206 3484 362 3551; x_wconf 76' lang='lat' dir='ltr'>Corintho</span> <span class='ocrx_word' id='word_1_294' title='bbox 395 3484 474 3569; x_wconf 90' lang='lat' dir='ltr'>dixi,</span> <span class='ocrx_word' id='word_1_295' title='bbox 505 3485 539 3550; x_wconf 91' lang='lat' dir='ltr'>id</span> <span class='ocrx_word' id='word_1_296' title='bbox 566 3486 652 3551; x_wconf 91' lang='lat' dir='ltr'>haud</span> <span class='ocrx_word' id='word_1_297' title='bbox 679 3487 744 3552; x_wconf 88' lang='lat' dir='ltr'>scio</span> <span class='ocrx_word' id='word_1_298' title='bbox 773 3509 815 3551; x_wconf 91' lang='lat' dir='ltr'>an</span> <span class='ocrx_word' id='word_1_299' title='bbox 840 3488 937 3554; x_wconf 88' lang='lat' dir='ltr'>liceat</span> <span class='ocrx_word' id='word_1_300' title='bbox 963 3488 1002 3554; x_wconf 86' lang='lat' dir='ltr'>de</span> <span class='ocrx_word' id='word_1_301' title='bbox 1029 3496 1148 3558; x_wconf 84' lang='lat' dir='ltr'>cuncta</span> 
     </span>
    </p>
   </div>
   <div class='ocr_carea' id='block_1_3' title="bbox 0 0 1222 3840">
    <p class='ocr_par' dir='ltr' id='par_1_8' title="bbox 0 0 1222 3840">
     <span class='ocr_line' id='line_1_38' title="bbox 0 0 1222 3840; baseline 0 1"><span class='ocrx_word' id='word_1_302' title='bbox 0 0 1222 3840; x_wconf 95' lang='lat' dir='ltr'> </span> 
     </span>
    </p>
   </div>
  </div>
 </body>
</html>
