2476 3848
453 167 608 233 -559
657 204 694 214 —

71 328 168 393 unius
195 326 363 392 libidinem
392 327 503 391 omnia
528 348 612 392 nexa
639 326 759 392 civium
789 325 929 391 liberata
950 326 1085 391 nectier·
1207 321 1209 326 ’

72 437 134 499 que
157 414 759 501 posteadesitum31semperquehuic
783 415 902 499 generi,
925 435 996 478 cum
1018 415 1085 497 ple-

70 506 129 569 bes
155 504 287 588 publica
317 503 505 568 calamitate
536 503 696 588 inpendiis
728 502 900 568 debilitata
927 502 1084 586 deficeret,

72 593 190 658 salutis
219 593 364 658 omnium
396 614 494 658 causa
520 592 631 676 aliqua
658 592 838 657 sublevatio
865 594 899 656 et
924 590 1085 656 medicina

72 682 220 767 quaesita
248 685 307 746 ert.
357 679 428 756 Quo
456 684 527 745 tum
559 679 694 746 consilio
726 680 954 763 praetermisso
987 701 1085 744 causa

70 770 191 853 populo
227 773 306 834 nata
343 772 408 854 est,
449 769 575 835 duobus
617 769 758 833 tribunis
797 768 902 853 plebis
942 788 999 852 per
1036 789 1085 832 se-

71 857 229 923 ditionem
251 857 370 922 creatia
392 860 431 922 ut
453 859 601 942 potentia
624 861 756 922 senatus
785 861 882 942 atque
909 856 1084 921 auotoritas

70 946 284 1031 minueretur,
315 969 397 1030 quae
423 949 534 1011 tamen
557 946 667 1032 gravis
690 950 724 1010 et
750 965 872 1029 magna
893 945 1084 1010 remanebat

71 1034 322 1118 sapientissimis
346 1038 379 1098 et
401 1035 589 1100 fortissimis
613 1039 646 1099 et
670 1035 769 1099 armis
793 1038 825 1100 et
850 1034 986 1100 consilio
1010 1034 1083 1099 civi·

70 1128 173 1188 tatem
209 1123 389 1206 tuentibus,
426 1145 563 1206 quorum
600 1124 779 1188 auctoritas
814 1124 953 1188 maxime
991 1123 1085 1188 flore-

71 1211 142 1294 bat,
174 1209 276 1294 quod,
308 1232 381 1276 cum
412 1212 538 1276 honore
569 1212 666 1296 longe
700 1213 928 1276 antecellerent
961 1211 1084 1292 ceteris,

70 1299 295 1383 voluptatibus
318 1301 411 1364 erant
433 1299 603 1365 inferiores
621 1320 681 1363 nec
704 1300 850 1383 pecuniis
873 1299 975 1364 ferme
994 1320 1085 1382 supe-

71 1389 188 1473 riores3
212 1409 313 1472 eoque
334 1390 407 1452 erat
429 1389 583 1472 cuiusque
606 1387 731 1472 gratior
752 1387 788 1451 in
810 1409 845 1452 re
869 1387 1000 1471 publica
1022 1387 1084 1450 vir-

71 1481 139 1560 tus,
171 1477 257 1562 quod
287 1475 323 1540 in
353 1476 449 1541 rebus
485 1476 622 1561 privatis
655 1474 902 1560 diligentissime
935 1475 1083 1559 singulos

72 1567 158 1630 cives
182 1586 292 1649 opera,
316 1565 465 1650 consilio,
487 1587 522 1630 re
545 1566 729 1629 tuebantur.

139 1739 202 1806 Sed
225 1742 350 1825 aliquot
373 1745 448 1807 ante
472 1740 575 1825 annis,
597 1763 670 1806 eum
690 1762 815 1806 summa
838 1743 925 1804 esset
948 1691 1136 1804 auctori·36

71 1833 123 1895 tas
156 1830 190 1896 in
223 1833 337 1895 senatu
368 1832 487 1915 populo
519 1829 662 1914 patiente
694 1833 791 1914 atque
822 1831 970 1913 parente,
1003 1827 1084 1891 inita
1103 1795 1136 1844 ⁶1

71 1919 156 1984 ratio
180 1923 243 2003 est,
270 1923 308 1984 ut
331 1922 364 1984 et
386 1920 534 1985 consules
559 1922 591 1983 et
616 1918 742 1982 tribuni
763 1917 808 2001 pl.
831 1916 1027 2002 magistratu
1051 1937 1084 1980 se

72 2007 267 2090 abdicarent,
291 2012 388 2092 atque
411 2013 449 2073 ut
470 2008 557 2073 xviri
575 2008 718 2071 maxima
736 2009 900 2090 potestate
924 2005 993 2069 sine
1010 2025 1084 2088 pro-

71 2096 241 2159 vocatione
268 2101 469 2181 crearentur,
501 2096 557 2180 qui
585 2099 617 2160 et
645 2117 808 2160 summum
835 2093 1007 2178 imperium
1029 2093 1086 2157 ha·

71 2183 185 2246 herent
208 2185 241 2245 et
263 2183 352 2265 leges
373 2184 560 2249 scriberent.
597 2183 659 2259 Qui
682 2205 755 2248 cum
774 2202 799 2248 x
812 2182 942 2248 tabulas
960 2204 1087 2247 summa

71 2272 180 2357 legum
208 2271 371 2355 aequitate
398 2271 633 2354 prudentiaque
656 2270 938 2354 conscripsissent,
968 2272 1003 2336 in
1031 2293 1087 2336 an·

71 2382 150 2424 num
178 2363 344 2442 posterum
372 2359 570 2424 decemviros
595 2360 677 2425 alios
706 2360 978 2442 subrogaverunt,
1008 2380 1085 2443 quo-

72 2471 145 2513 rum
176 2470 243 2512 non
275 2447 424 2512 similiter
455 2447 534 2512 fides
566 2469 627 2512 nec
663 2446 789 2512 iustitia
824 2446 965 2511 laudata.
1014 2445 1085 2521 Quo

72 2542 183 2602 tamen
211 2558 228 2600 e
256 2536 392 2620 collegio
425 2536 497 2600 laus
530 2539 581 2600 est
607 2536 665 2600 illa
696 2535 815 2599 eximia
846 2532 881 2600 O.
904 2534 996 2616 lulii,
1030 2533 1086 2617 qui

72 2625 238 2690 hominem
275 2625 438 2704 nobilem,
479 2625 513 2689 L.
542 2622 702 2707 Sestium,
738 2623 829 2688 cuius
865 2623 900 2685 in
936 2622 1084 2687 cubiculo

72 2714 232 2779 ecfossum
264 2734 335 2777 esse
372 2735 406 2777 se
438 2718 609 2797 praesente
641 2714 807 2777 mortuum
843 2710 976 2794 diceret,
1012 2731 1085 2774 cum

70 2802 141 2885 ipse
169 2805 366 2883 potestatem
395 2823 554 2865 summam
576 2801 725 2881 haberet,
755 2799 842 2883 quod
870 2797 1085 2864 decemvirum

71 2890 141 2951 sine
163 2889 394 2970 provocatione
417 2893 518 2972 esset,
547 2889 644 2953 vades
671 2890 783 2952 tamen
809 2887 971 2972 poposcit,
999 2887 1085 2971 quod

71 2996 105 3040 se
129 2976 235 3057 legem
257 2976 348 3040 illam
371 2978 570 3059 praeclaram
594 2976 819 3060 neglecturum
836 2980 981 3061 negaret,
1004 2997 1085 3060 quae

70 3064 108 3128 de
132 3063 237 3146 capite
260 3064 339 3128 civis
362 3064 502 3128 Romani
523 3063 587 3128 nisi
611 3063 750 3128 comitiis
769 3065 960 3128 centuriatis
985 3063 1086 3129 statui

70 3155 203 3217 vetaret.

138 3239 266 3305 Tertius
290 3243 341 3304 est
363 3261 466 3304 annus
489 3239 627 3304 xviralis
652 3242 856 3323 consecutus,
887 3260 958 3304 cum
986 3241 1084 3304 iidem
1095 3209 1136 3273 37

72 3334 181 3394 essent
206 3350 265 3393 nee
295 3328 374 3393 alios
403 3328 580 3412 subrogare
607 3328 796 3393 voluissent.
850 3328 890 3392 ln
912 3327 972 3391 hoc
995 3333 1084 3391 statu
1104 3312 1135 3360 ⁶²

71 3419 119 3482 rei
149 3417 309 3502 publicae,
339 3438 433 3502 quem
464 3416 532 3481 dixi
562 3417 628 3481 iam
661 3438 756 3502 saepe
788 3439 855 3482 non
884 3436 980 3499 posse
1014 3437 1083 3479 esse
1126 3350 1192 3592 Ι

72 3505 259 3572 diuturnum
267 3554 275 3586 ,
307 3506 392 3590 quod
423 3527 491 3572 non
523 3511 609 3572 esset
640 3507 675 3571 in
711 3506 816 3571 omnis
850 3504 977 3570 ordines
1010 3505 1084 3568 civi-
