2476 3848
568 182 808 246 -204-

189 336 266 420 tati,
279 357 391 400 rerum
406 335 505 399 etiam
517 334 653 398 favetur.
680 332 792 398 Prima
807 333 910 418 igitur
928 335 979 398 est
997 333 1196 399 adulescenti

189 423 425 489 commendatio
458 422 499 486 ad
531 421 683 508 gloriam,
715 421 743 484 si
774 443 838 504 qua
871 443 910 485 ex
940 421 1066 485 bellicis
1096 422 1195 487 rebus

189 511 370 595 comparari
392 513 515 595 potest,
539 510 575 573 in
597 531 661 593 qua
683 508 779 574 multi
798 508 883 593 apud
905 508 1044 573 maiores
1062 514 1195 575 nostros

190 600 397 681 exstiterunt3
420 619 547 681 semper
569 597 655 660 enim
677 596 745 661 fere
766 596 856 660 bella
878 596 1099 681 gerebantur·
1124 596 1197 662 Tua

190 691 299 752 autem
327 688 417 750 aetas
443 685 557 750 incidit
583 685 619 748 in
645 685 679 748 id
705 684 841 766 bellum,
868 684 957 748 cuius
985 684 1090 748 altera
1117 707 1195 768 pars

191 774 320 840 sceleris
343 773 480 837 nimium
502 773 630 850 habuit,
655 772 759 836 altera
780 771 948 836 felicitatis
966 793 1091 854 parum.
1123 770 1196 846 Quo

190 867 300 926 tamen
320 861 356 924 in
382 860 470 924 bello
498 882 571 925 cum
597 862 630 923 te
652 859 825 944 Pompeius
853 860 924 923 alae
952 859 1076 939 [alteri]
1104 880 1196 943 prae·

189 950 333 1032 fecisset,
351 969 506 1031 magnam
523 947 652 1012 laudem
671 951 704 1011 et
722 969 742 1012 a
761 968 887 1011 summo
905 946 976 1011 viro
995 951 1028 1010 et
1046 946 1088 1010 ab
1108 968 1197 1010 exer·

190 1037 257 1101 citu
280 1035 517 1119 consequebare
540 1035 729 1118 equitando,
747 1034 930 1118 iaculando,
949 1033 1038 1099 omni
1056 1033 1196 1099 militari

190 1124 302 1188 labore
324 1123 503 1188 tolerando.
548 1123 657 1206 Atque
684 1145 723 1187 ea
745 1123 874 1206 quidem
896 1126 954 1186 tua
976 1123 1047 1186 laus
1070 1123 1196 1207 pariter

190 1233 264 1276 cum
299 1233 334 1275 re
369 1210 500 1295 publica
536 1210 659 1275 cecidit.
707 1210 790 1274 Mihi
826 1213 935 1274 autem
970 1210 1050 1274 haec
1087 1211 1195 1275 oratio

191 1303 342 1384 suscepta
362 1320 429 1363 non
451 1298 490 1362 de
512 1301 546 1362 te
565 1301 628 1382 est,
651 1298 707 1361 sed
726 1299 764 1362 de
788 1319 903 1383 genere
921 1300 1006 1380 toto3
1030 1320 1128 1381 quam
1151 1299 1195 1363 ob

137 1403 172 1452 46
191 1409 260 1451 rem
282 1408 456 1472 pergamus
480 1387 521 1451 ad
544 1408 596 1470 ea,
620 1407 702 1470 quae
725 1389 859 1450 restant.
895 1383 942 1448 Ut
964 1385 1066 1470 igitur
1088 1386 1124 1449 in
1146 1408 1195 1450 re

190 1476 288 1559 liquis
320 1476 417 1539 rebus
445 1474 549 1539 multo
577 1473 702 1539 maiora
730 1495 828 1558 opera
855 1476 931 1537 sunt
962 1473 1063 1537 animi
1095 1495 1195 1558 quam

190 1563 348 1648 corporis,
379 1563 425 1627 sic
448 1585 503 1626 eae
526 1583 592 1645 res,
620 1583 700 1645 quas
723 1561 854 1645 ingenio
878 1582 915 1625 ac
937 1561 1063 1625 ratione
1085 1583 1194 1644 perse-

191 1651 327 1735 quimur,
347 1651 506 1734 gratiores
526 1653 602 1714 sunt
616 1671 714 1732 quarn
726 1649 818 1732 illae,
833 1669 913 1732 quas
927 1648 1060 1713 viribus.
1082 1648 1196 1714 Prima

189 1739 291 1824 igitur
314 1737 549 1803 commendatio
571 1737 786 1822 proficiscitur
810 1759 829 1800 a
852 1736 1010 1800 modestia
1033 1758 1105 1801 oum
1128 1738 1195 1821 pie·

191 1829 259 1890 tate
282 1826 317 1888 in
339 1828 505 1908 parentes,
527 1825 562 1888 in
581 1847 656 1889 suos
674 1823 902 1888 benivolentia.
938 1823 1116 1888 Facillume
1140 1847 1195 1889 au·

189 1917 258 1978 tem
280 1912 365 1976 etin
384 1912 541 1996 optimam
560 1916 687 1996 partem
705 1916 943 1996 cognoscuntur
961 1911 1194 1995 adulescentes,

190 2001 246 2082 qui
273 2020 306 2063 se
334 1998 375 2062 ad
389 1999 503 2074 ,claros
532 2002 566 2063 et
589 1999 749 2083 sapientes
773 2000 860 2063 viros
883 2000 964 2063 bene
987 1999 1194 2064 consulentes

190 2086 399 2170 reipublicae
417 2087 637 2169 contulerunt,
659 2087 850 2170 quibuscum
864 2088 892 2151 si
905 2087 1089 2170 frequentes
1108 2091 1196 2172 sunt,

190 2173 374 2256 opinionem
389 2173 537 2238 adferunt
551 2175 672 2259 populo
691 2197 802 2239 eorum
819 2175 889 2240 fore
908 2196 942 2239 se
961 2175 1094 2258 similes,
1110 2197 1194 2258 quos

135 2276 171 2325 47
191 2261 254 2324 sibi
280 2261 344 2344 ipsi
372 2261 551 2346 delegerint
579 2263 620 2327 ad
645 2262 847 2327 imitandum.
891 2262 926 2327 P.
953 2262 1058 2327 Rutili
1085 2262 1194 2326 adule

190 2349 346 2413 scentiam
365 2349 406 2413 ad
424 2349 609 2434 opinionem
628 2354 660 2415 et
677 2351 879 2415 innocentiae
898 2355 931 2414 et
944 2351 1024 2414 iuris
1038 2349 1194 2414 scientiae

188 2435 223 2501 P.
246 2435 332 2502 Muci
354 2438 591 2502 commendavit
613 2438 735 2503 domus.
780 2436 866 2501 Nam
888 2438 923 2502 L.
946 2438 1075 2521 quidem
1098 2435 1194 2502 Gras-

189 2545 257 2607 sus,
281 2547 353 2589 oum
372 2529 458 2590 esset
481 2526 653 2590 admodum
672 2527 872 2609 adulescens,
889 2547 956 2590 non
974 2525 1102 2590 aliunde
1120 2548 1193 2590 mu-

188 2615 299 2676 tuatus
322 2617 380 2691 est,
403 2615 461 2678 sed
483 2614 633 2698 sibiipsa
655 2613 780 2698 peperit
799 2635 983 2678 maxumam
1001 2613 1131 2678 laudem
1154 2634 1193 2677 ex

187 2700 247 2765 illa
270 2701 472 2766 accusatione
489 2701 593 2766 nobili
616 2705 649 2765 et
668 2701 827 2786 gloriosa,
849 2704 894 2784 et,
918 2723 982 2784 qua
1004 2705 1113 2766 aetate
1136 2702 1193 2785 qui

187 2792 384 2872 exercentur,
406 2789 501 2853 laude
524 2789 618 2853 adfici
641 2790 759 2871 solent,
782 2793 820 2853 ut
842 2788 881 2852 de
899 2787 1119 2854 Demosthene
1143 2811 1193 2854 ac·

187 2875 344 2959 cepimus,
367 2898 405 2940 ea
428 2879 535 2940 aetate
557 2875 592 2940 L.
615 2873 752 2941 Crassus
780 2876 923 2940 ostendit
948 2877 983 2941 id
1005 2899 1039 2941 se
1061 2877 1097 2939 in
1118 2877 1191 2941 foro

188 2965 320 3043 optume
351 2962 418 3026 iam
450 2963 568 3048 faeere,
601 2964 687 3046 quod
719 2964 817 3027 etiam
843 2967 914 3029 tum
945 2967 1076 3048 poterat
1105 2964 1193 3029 domi

133 3025 261 3149 {geum
283 3047 379 3112 laude
397 3050 555 3114 meditari.
600 3048 663 3114 Sed
681 3073 755 3116 cum
773 3051 890 3136 duplex
908 3053 993 3117 ratio
1013 3052 1056 3116 sit
1075 3052 1193 3116 oratio-

186 3134 251 3216 nis,
270 3157 407 3218 quarum
430 3137 466 3201 in
488 3139 593 3202 altera
616 3159 722 3204 sermo
746 3138 803 3221 sit,
829 3140 863 3202 in
891 3139 995 3204 altera
1018 3140 1192 3223 contentio,

186 3225 325 3285 nonest
352 3224 386 3287 id
414 3225 541 3308 quidem
571 3225 718 3309 dubium,
746 3226 824 3310 quin
847 3227 1010 3292 contentio
1034 3226 1192 3290 orationis

187 3309 343 3373 maiorem
366 3311 434 3376 vim
456 3312 576 3376 habeat
599 3314 640 3377 ad
663 3313 804 3398 gloriam
826 3312 879 3400 (ea
901 3318 952 3379 est
975 3313 1069 3395 enim,
1093 3333 1192 3395 quam

188 3396 407 3479 eloquentiam
434 3399 596 3484 dicimus);
628 3401 685 3465 sed
716 3405 829 3466 tamen
855 3401 986 3467 difficile
1016 3401 1104 3464 dictu
1132 3404 1192 3485 est,

92 3526 165 3630 Ι
188 3488 388 3571 quantopere
425 3487 575 3552 conciliet
607 3489 733 3554 animos
766 3489 904 3554 comitas
940 3489 1193 3572 adfabilitasque
