2476 3848
474 197 717 262 -227-

89 378 176 440 mus,
204 359 243 422 nt
269 356 468 442 cogitatione
495 356 597 422 tacita
619 380 639 423 a
662 357 836 423 solitudine
859 359 1097 445 abstrahamur,

90 445 131 509 ad
157 443 242 509 hanc
269 444 430 510 scribendi
461 465 594 529 operam
622 466 717 510 omna
749 445 892 510 studium
924 468 1096 531 curamque

90 532 317 597 convertimus.
347 531 463 615 Itaque
480 532 577 615 plura
594 533 686 598 brevi
703 536 850 618 tempore
869 555 982 599 eversa
998 556 1096 618 quam

90 620 203 684 multis
226 619 320 684 annis
344 622 452 684 stante
474 640 510 684 rc
532 619 664 703 publiea
686 620 883 706 scripsimus.

156 705 219 773 Sed
241 729 314 772 cum
336 710 409 771 tota
430 706 648 791 philosophia,
670 708 717 772 mi
739 707 860 792 Cicero,
881 707 1039 794 frugifera
1061 678 1131 805 et}

88 794 256 861 fructuosa
281 816 341 860 nec
366 794 436 858 ulla
462 816 538 879 pars
570 795 638 861 eius
669 795 794 861 inculta
822 818 859 861 ac
887 796 1015 861 deserta
1042 796 1095 880 sit,

90 886 161 947 tum
182 883 292 947 nullus
314 881 452 946 feracior
473 882 510 946 in
531 903 576 973 θα,
591 882 681 948 locus
705 886 755 947 est
772 905 832 949 nec
848 884 979 949 uberior
998 905 1095 968 quam

92 971 130 1034 de
162 969 290 1048 officiis,
321 992 342 1034 a
373 969 489 1053 quibus
522 967 708 1035 constanter
739 971 937 1056 honesteque
966 971 1096 1037 vivendi

91 1061 265 1143 praecepta
296 1057 462 1122 ducuntur.
508 1055 628 1136 Quare,
660 1080 855 1142 quamquam
886 1081 907 1124 a
938 1056 1095 1145 Cratippo

91 1148 214 1227 nostro,
235 1144 380 1230 principe
402 1144 498 1209 huius
521 1145 696 1210 memoriae
714 1146 993 1231 philosophorum,
1015 1147 1095 1213 haec

92 1236 125 1296 te
149 1232 276 1296 assidue
300 1232 409 1297 audire
433 1235 531 1315 atque
554 1233 697 1316 accipere
720 1234 859 1317 confido,
887 1237 997 1298 tamen
1024 1255 1095 1300 con-

93 1321 206 1384 ducere
232 1319 374 1385 arbitror
403 1319 525 1384 talibus
558 1342 651 1384 aures
684 1323 758 1384 tuas
790 1321 923 1386 vocibus
955 1321 1095 1405 undique

92 1408 335 1484 circumsonare,
356 1429 416 1472 nec
438 1428 506 1489 eas,
529 1406 557 1470 si
578 1406 650 1470 fieri
672 1407 790 1491 possit,
813 1408 984 1491 quicquam
1007 1409 1096 1473 aliud

92 1495 209 1560 audire.
246 1493 339 1570 Quod
360 1516 433 1559 cum
456 1494 605 1559 omnibus
629 1497 678 1558 est
700 1494 890 1579 faciendum,
914 1495 969 1578 qui
992 1495 1129 1564 vitame

91 1583 261 1648 honestam
284 1582 411 1668 ingredi
433 1581 594 1667 cogitant,
617 1584 687 1646 turn
710 1581 797 1646 haud
820 1581 885 1646 scio
910 1604 952 1646 an
973 1582 1096 1647 nemini

90 1671 199 1755 potius
222 1692 320 1755 quam
341 1669 416 1752 tibi3
450 1669 590 1733 sustines
618 1670 703 1734 enim
730 1691 796 1734 non
825 1691 960 1754 paruam
983 1691 1094 1755 expec-

90 1758 248 1824 tationem
274 1757 451 1822 imitandae
477 1757 655 1822 industriae
682 1760 826 1841 nostrac,
858 1778 1011 1843 magnam
1039 1757 1095 1823 ho·

89 1867 214 1928 norum,
236 1867 304 1910 non
324 1845 450 1910 nullam
472 1845 611 1909 fortasse
633 1844 782 1910 nominis.
818 1843 996 1930 Suscepisti
1014 1867 1094 1910 onus

90 1936 259 2018 praeterea
286 1954 385 2017 grave
413 1934 446 1996 et
471 1931 674 1998 Athenarum
702 1936 735 1997 et
757 1931 919 2019 Cratippi3
947 1934 987 1997 ad
1014 1954 1095 2016 quos

92 2043 164 2086 cum
196 2024 363 2104 tamquam
397 2020 437 2084 ad
468 2025 682 2086 mercaturam
713 2021 872 2086 bonarum
903 2021 1023 2086 artium
1049 2021 1095 2086 sis

91 2108 269 2193 profectus,
295 2107 424 2171 inanem
450 2107 554 2172 redire
581 2109 805 2193 turpissimum
833 2111 883 2173 est
906 2109 1095 2174 dedecoran-

91 2200 157 2260 tem
180 2198 213 2260 et
235 2194 326 2260 urbis
349 2195 578 2260 auctoritatem
600 2200 633 2260 et
655 2196 814 2283 magistri.
859 2194 973 2276 Quare,
998 2219 1095 2281 quen-

91 2287 162 2348 tum
185 2282 285 2347 coniti
307 2283 414 2348 animo
437 2286 544 2368 potes,
572 2287 729 2367 quantum
756 2285 867 2349 labore
895 2286 1095 2370 contendere,

91 2371 121 2436 si
147 2370 288 2435 discendi
315 2371 409 2435 labor
436 2373 486 2435 est
512 2371 622 2454 potius
650 2393 747 2455 quam
773 2371 939 2455 voluptas,
966 2375 1096 2437 tantum

90 2458 143 2523 fac
165 2461 202 2522 ut
225 2458 346 2522 efficias
368 2480 448 2523 neve
472 2458 666 2543 committas,
688 2461 733 2541 ut,
756 2480 828 2522 cum
851 2459 960 2523 omnia
982 2481 1095 2543 suppe-

92 2546 196 2611 ditata
223 2546 290 2609 sint
317 2568 336 2610 a
364 2546 472 2628 nobis,
499 2548 569 2610 tute
596 2545 658 2609 tibi
685 2545 824 2610 defuisse
851 2545 987 2609 videare.
1033 2543 1096 2609 Sed

91 2633 171 2699 haec
197 2633 367 2716 hactenus3
398 2633 503 2698 multa
535 2633 620 2698 enim
653 2653 749 2716 saepe
776 2631 817 2696 ad
844 2634 877 2696 te
904 2631 1096 2697 cohortandi

93 2721 201 2807 gratia
228 2721 429 2804 scripsimus;
459 2743 544 2786 nunc
571 2721 612 2787 ad
640 2720 799 2804 reliquam
826 2721 953 2804 partem
979 2740 1096 2803 propo·

94 2809 175 2874 sitae
199 2808 366 2873 divisionis
388 2812 597 2874 revertamur.

156 2895 330 2960 Panaetius
358 2895 473 2980 igitur,
501 2897 557 2979 qui
584 2897 651 2961 sine
675 2894 895 2961 controuersia
918 2893 956 2959 de
979 2894 1094 2961 officiis
1114 2913 1129 2964 7

93 2983 332 3049 accuratissime
346 2983 534 3067 disputavit,
553 3005 709 3067 quemque
725 3005 785 3048 nos
805 2983 1000 3048 correctione
1020 3006 1095 3068 qua-

92 3071 167 3136 dam
190 3070 337 3136 adhibita
358 3070 564 3154 potissimum
588 3071 689 3135 secuti
707 3092 826 3154 sumus,
849 3070 954 3135 tribus
974 3073 1095 3158 generi-

91 3159 152 3223 bus
171 3158 357 3244 propositis,
379 3157 415 3221 in
433 3158 549 3241 quibus
564 3158 741 3222 deliberare
754 3157 901 3223 homines
920 3163 953 3223 et
971 3161 1095 3226 consul-

91 3250 162 3311 tare
177 3246 215 3310 de
226 3246 332 3311 officio
343 3246 493 3329 solerent,
506 3267 580 3329 uno,
594 3267 666 3310 eum
676 3245 870 3330 dubitarent,
883 3246 1095 3313 honestumne

91 3334 125 3398 id
152 3338 247 3412 essct,
270 3333 309 3398 de
332 3354 395 3416 quo
424 3336 586 3418 ageretur,
618 3355 660 3398 an
687 3336 795 3419 turpe,
827 3335 944 3418 altero,
975 3336 1095 3400 utilene

93 3425 179 3486 esset
207 3443 249 3486 an
275 3420 405 3504 inutile,
431 3419 543 3500 tertio,
567 3420 595 3485 si
616 3421 663 3506 id,
691 3421 777 3506 quod
799 3422 937 3507 speciem
959 3422 1095 3487 haberet

90 3509 234 3595 honesti,
260 3511 421 3596 pugnaret
443 3530 516 3573 cum
539 3530 590 3590 eo,
618 3509 704 3595 quod
725 3509 806 3575 utile
828 3509 1019 3652 uideretur,
1042 3527 1113 3585 auo
