2476 3848
519 151 757 218 -390-

138 335 322 379 maxumum
354 312 485 395 dixerit,
521 313 666 396 quamvis
703 311 789 376 idem
818 311 1003 375 forticulum
1040 333 1074 376 se
1105 311 1142 377 in

137 401 330 466 torminibus
362 403 395 465 et
426 399 460 465 in
487 401 671 485 stranguria
699 421 756 464 sua
787 399 948 482 praebeat.
1002 399 1143 485 Aliunde

137 491 237 576 igitur
259 493 309 554 est
331 487 511 573 quaerenda
533 488 702 567 medicina,
727 491 759 552 et
781 488 920 552 maxime
943 487 1080 571 quidem,
1103 489 1144 571 si,

136 579 213 662 quid
243 577 381 642 maxime
414 579 662 641 consentaneum
695 576 749 656 sit,
785 575 981 658 quaerimus,
1018 576 1057 640 ab
1090 576 1143 659 iis,

136 666 265 750 quibus,
297 663 381 748 quod
411 663 584 729 honestum
616 665 673 748 sit,
705 684 864 728 summum
892 663 1024 745 bonum,
1054 666 1143 748 quod

135 761 242 837 turpe,
265 774 426 817 summum
449 752 575 816 videtur
597 752 727 816 malum.
771 750 833 814 His
856 755 892 816 tu
914 753 1142 836 praesentibus

135 862 263 927 gemere
290 844 323 904 et
348 841 469 904 iactare
496 843 528 902 te
551 861 617 904 non
644 839 775 904 audebis
804 839 962 923 profect03
990 841 1143 924 loquetur

137 930 222 993 enim
245 950 355 992 eorum
377 948 455 992 voce
477 926 590 991 Virtus
613 928 686 1010 ipsa
708 932 827 992 tecum:

83 989 127 1114 Ξὲ)
202 1016 308 1099 Tune,
349 1037 422 1079 cum
465 1036 581 1098 pueros
622 1015 879 1099 Lacedaemone,
927 1016 1142 1082 adulescentis

137 1104 316 1188 Olympiae,
338 1103 492 1168 barbaros
515 1103 550 1167 in
572 1103 692 1168 harena
715 1103 833 1167 videris
857 1104 1044 1188 excipientis
1067 1126 1142 1190 gra-

134 1192 286 1257 vissimas
313 1191 426 1275 plagas
453 1193 486 1255 et
507 1190 641 1256 ferentis
665 1192 807 1275 silentiO,
836 1191 918 1257 site
940 1190 1023 1257 forte
1047 1193 1142 1258 dolor

136 1280 253 1364 aliquis
285 1278 483 1363 pervellerit,
515 1280 710 1344 exclamabis
741 1283 778 1344 ut
808 1279 935 1362 mulier,
966 1301 1033 1344 non
1065 1303 1140 1346 con·

136 1371 261 1432 stanter
288 1371 320 1431 et
347 1366 457 1431 sedate
479 1366 586 1432 feres?
609 1403 651 1414 —
674 1367 760 1431 Fieri
781 1389 847 1432 non
869 1371 993 1451 potest3
1023 1373 1142 1434 natura

134 1479 202 1522 non
232 1456 364 1540 patitur.
396 1491 438 1501 —
470 1455 585 1520 Audio.
639 1455 734 1519 Pueri
765 1455 874 1519 ferunt
908 1455 1011 1540 gloria
1042 1457 1140 1539 ducti,

134 1545 243 1609 ferunt
264 1545 386 1628 pudore
405 1542 473 1621 alii,
496 1543 589 1607 multi
613 1548 715 1626 metu,
739 1547 772 1607 et
794 1546 903 1607 tamen
921 1565 1079 1628 veremur,
1101 1550 1139 1609 ut

135 1632 210 1711 hoc,
240 1633 326 1716 quod
350 1654 369 1695 a
390 1634 458 1694 tam
481 1631 591 1695 multis
615 1635 647 1694 et
669 1630 754 1715 quod
776 1634 828 1695 tot
850 1631 929 1696 locis
952 1632 1137 1715 perferatur,

134 1725 252 1785 natura
275 1719 439 1804 patiatur?
483 1717 545 1783 Ille
566 1740 642 1784 vero
665 1741 731 1783 non
753 1719 847 1784 modo
871 1721 1005 1803 patitur,
1026 1741 1134 1783 verum

136 1811 233 1874 etiam
260 1808 417 1892 postulat3
445 1807 527 1870 nihil
554 1807 638 1870 enim
665 1807 766 1871 habet
787 1807 1017 1891 praestantius,
1044 1807 1138 1890 nihil,

135 1898 220 1981 quod
242 1896 347 1980 magis
371 1897 499 1977 expetat
521 1915 618 1977 quam
640 1894 859 1978 honestatem,
884 1917 981 1979 quam
1003 1895 1140 1980 laudem,

135 2006 232 2069 quam
258 1983 464 2067 dignitatem,
491 1983 587 2065 quam
615 1981 720 2048 decus.
770 1982 868 2048 Hisce
901 2004 961 2068 ego
993 1984 1140 2067 pluribus

134 2071 318 2136 nominibus
336 2091 433 2133 unam
451 2090 519 2132 rem
537 2069 694 2135 declarari
711 2071 795 2155 volo,
815 2072 870 2136 sed
888 2075 970 2153 utor,
988 2076 1141 2156 utquam

135 2160 274 2223 maxime
298 2157 489 2242 significem,
511 2157 667 2240 pluribus.
701 2158 786 2224 Volo
805 2163 913 2224 autem
932 2159 1036 2224 dicere
1056 2160 1139 2225 illud

135 2245 260 2309 homini
285 2245 381 2328 longe
410 2248 576 2328 optumum
604 2268 686 2330 esse,
713 2248 798 2331 quod
824 2247 931 2331 ipsum
959 2248 1002 2311 sit
1025 2253 1140 2332 optan-

136 2333 211 2397 dum
233 2355 291 2417 per
318 2354 412 2416 se,a
438 2333 556 2398 virtute
583 2334 763 2419 profectum
789 2336 840 2400 vel
870 2336 904 2400 in
926 2336 998 2418 ipsa
1020 2337 1140 2401 virtute

135 2421 248 2505 situm,
284 2442 341 2486 suo
379 2426 495 2506 sponte
535 2422 709 2507 laudabile,
749 2424 835 2508 quod
875 2423 1003 2506 quidem
1043 2424 1140 2489 citius

134 2509 270 2574 dixerim
292 2511 399 2575 solum
420 2533 516 2594 quam
538 2532 784 2576 nonsummum
806 2512 936 2577 bonum.
973 2510 1080 2596 Atque
1104 2517 1142 2576 ut

133 2598 214 2664 haec
245 2599 283 2663 de
315 2598 467 2680 honesto,
498 2599 544 2662 sic
570 2598 608 2663 de
640 2600 727 2683 tmpi
760 2599 933 2683 contraria,
958 2599 1042 2664 nihil
1071 2604 1141 2664 tam

133 2690 287 2767 taetrum,
318 2683 402 2750 nihil
433 2688 501 2748 tam
535 2687 782 2770 aspernandum,
813 2686 897 2751 nihil
928 2687 1059 2753 homine
1091 2689 1140 2752 in-

135 2775 273 2856 dignius.

82 2874 115 2922 47
201 2860 293 2937 Quod
315 2861 344 2925 si
366 2860 427 2924 tibi
448 2881 636 2943 persuasum
659 2866 708 2926 est
731 2861 902 2947 (principio
922 2865 1008 2928 enim
1030 2864 1142 2929 dixisti

134 2950 206 3032 plus
224 2949 259 3013 in
276 2948 429 3013 dedecore
448 2948 529 3012 mali
548 2949 610 3013 tibi
628 2950 730 3015 videri
746 2971 844 3033 quam
862 2952 895 3014 in
915 2948 1047 3037 dolore),
1065 2952 1140 3017 reli-

134 3058 231 3121 quum
251 3040 314 3120 est,
337 3039 374 3100 ut
395 3040 465 3101 tute
482 3036 544 3100 tibi
562 3037 712 3121 imperes3
735 3059 929 3122 quamquam
950 3038 1011 3104 hoc
1029 3041 1140 3106 nescio

135 3146 197 3207 quo
222 3125 316 3188 modo
340 3124 470 3208 dicitur,
493 3124 586 3208 quasi
609 3125 670 3189 duo
694 3125 808 3209 simne,
831 3129 869 3190 ut
892 3126 972 3191 alter
994 3127 1140 3210 imperet,

81 3218 123 3280 21
135 3212 217 3275 alter
248 3216 373 3296 pareat3
404 3235 470 3278 non
501 3212 615 3277 inscite
647 3217 755 3277 tamen
787 3213 913 3278 dicitur.
961 3213 1024 3279 nst
1053 3215 1140 3280 enim

136 3299 261 3364 animus
279 3299 316 3362 in
334 3301 436 3383 partis
455 3300 595 3364 tributus
613 3300 706 3384 duas,
729 3324 864 3385 quarum
883 3302 984 3366 altera
1002 3302 1140 3368 rationis

135 3392 185 3451 est
207 3387 383 3472 particeps,
409 3389 512 3453 altera
534 3409 656 3471 expers.
707 3386 789 3455 Oum
811 3391 911 3476 igitur
933 3391 1141 3474 praecipitur,

81 3515 93 3580 Ι
131 3477 172 3540 ut
188 3476 350 3541 nobismet
367 3476 446 3560 ipsis
465 3477 672 3559 imperemus,
689 3475 752 3542 hoc
768 3477 977 3562 praecipitur,
999 3480 1036 3542 ut
1053 3479 1141 3544 ratio
