2476 3848
538 146 777 211 -488-

199 297 379 365 Existere
400 300 499 365 ictos
522 300 633 364 undis
657 299 991 384 concursantibus,

200 387 287 451 Nisi
310 389 402 471 queis
424 388 627 452 terrestris
649 388 790 472 pontus
813 390 967 471 strages
992 386 1168 473 conciet,

200 475 277 540 Aut
299 475 400 539 forte
423 475 560 540 Triton
581 475 736 540 fuscina
759 477 934 539 evertens
958 496 1100 558 specus

201 560 340 627 Subter
362 563 512 627 radices
534 563 691 646 pe‘nitus
713 561 876 626 undanti
897 559 938 625 1'n
958 561 1064 626 freto

199 649 338 715 Molem
361 653 403 715 e‘x
425 650 616 735 profundo
640 651 794 714 saxeam
818 649 863 714 ad
880 649 1029 714 caelum
1048 651 1167 716 eruit

155 754 294 819 Dubitat
315 754 429 838 primo,
451 776 533 838 quae
556 754 600 818 sit
623 777 661 819 ea
682 759 808 838 natura,
832 776 929 838 quam
947 754 1052 819 cernit
1070 755 1168 843 igno

156 849 241 937 tam,
257 842 403 926 idemque
421 841 590 907 iuvenibus
610 842 688 907 visis
708 842 880 925 auditoque
898 841 1029 907 nautico
1048 848 1167 909 cantu:

200 945 344 1030 †Sicut
374 947 488 1011 inciti
519 950 634 1030 atque
667 947 814 1012 dlacres
841 945 984 1010 rostris
1012 947 1168 1031 perfre-

201 1116 386 1204 Delphini
409 1120 538 1203 †item
562 1111 640 1186 alia
661 1057 795 1186 mullilai1
800 1037 958 1186 1diluens
978 1121 1105 1187 melo·

203 1205 451 1272 Consimilem
492 1209 537 1273 ad
578 1230 688 1274 aures
729 1210 878 1360 craeqtqqn
913 1212 951 1272 et
985 1209 1168 1276 auditum

104 1417 140 1466 90
158 1401 247 1486 Ergo
275 1404 312 1466 ut
338 1401 391 1465 hic
417 1402 521 1485 primo
550 1404 683 1486 aspectu
709 1401 889 1465 inanimum
916 1400 1071 1485 quiddam
1096 1424 1168 1468 sen-

160 1511 260 1571 suque
289 1511 426 1553 vacuum
456 1510 490 1553 se
518 1493 614 1573 putat
643 1510 785 1572 cernere,
814 1492 890 1572 post
921 1493 1030 1553 autem
1059 1490 1167 1576 signis

160 1577 363 1659 certioribus,
393 1577 488 1660 quale
510 1576 554 1640 sit
576 1576 622 1659 id,
650 1577 688 1640 de
715 1598 778 1659 quo
803 1576 1020 1660 dubitaverat,
1045 1577 1169 1662 incipit

160 1665 330 1747 suspicari,
357 1665 403 1728 sic
430 1665 616 1749 philosophi
643 1664 833 1747 debuerunt,
861 1664 890 1728 si
910 1663 995 1729 forte
1019 1685 1076 1729 eos
1099 1666 1168 1749 pri-

159 1773 231 1815 mus
250 1755 399 1835 aspectus
417 1751 528 1815 mundi
546 1752 804 1834 conturbaverat,
827 1755 949 1836 postea,
972 1773 1046 1815 cum
1064 1752 1167 1817 vidis·

160 1842 231 1902 sent
258 1843 364 1903 motus
393 1840 460 1903 eius
487 1839 596 1903 finitos
619 1842 652 1902 et
676 1840 860 1922 aequabiles
883 1839 1056 1923 omniaque
1079 1841 1166 1904 ratis

160 1926 324 1990 ordinibus
352 1926 518 1990 moderata
544 1927 789 2009 inmutabilique
812 1927 1009 2010 constantia,
1035 1927 1168 1992 intelle-

159 2034 234 2098 gere
265 2016 369 2077 inesse
401 2014 541 2096 aliquem
567 2035 632 2077 non
660 2013 765 2078 solum
792 2013 1010 2079 habitatorem
1036 2014 1075 2079 in
1102 2015 1168 2081 hac

160 2101 292 2164 caelesti
319 2123 356 2164 ac
384 2101 492 2164 divina
518 2100 626 2182 domo,
656 2101 712 2165 sed
740 2101 838 2165 etiam
860 2106 1017 2166 rectorem
1038 2105 1075 2165 et
1096 2124 1168 2168 mo-

160 2188 341 2251 deratorem
369 2191 401 2251 et
427 2191 594 2271 tamquam
618 2187 830 2253 architectum
852 2189 937 2253 tanti
959 2188 1068 2274 operis
1091 2192 1168 2255 tan-

107 2287 150 2351 36
160 2275 249 2358 tique
276 2276 425 2340 muneris.
470 2275 565 2340 Nunc
592 2279 700 2340 autem
723 2276 804 2340 mihi
825 2276 1036 2341 videnturne
1060 2278 1169 2362 suspi-

161 2362 227 2427 cari
245 2363 382 2447 quidem,
400 2366 522 2446 quanta
540 2363 584 2427 sit
602 2363 836 2429 admirabilitas
851 2363 1040 2428 caelestium
1053 2386 1170 2430 rerum

162 2454 258 2534 atque
280 2453 490 2515 terrestrium.

95 2552 141 2601 ,91
226 2538 388 2623 Principio
421 2539 506 2603 enim
532 2542 620 2604 terra
647 2539 712 2604 sita
737 2539 773 2602 in
800 2539 906 2603 media
931 2542 1024 2623 parte
1051 2540 1171 2605 mnndi

161 2626 355 2691 circumfusa
382 2628 522 2710 undique
549 2631 600 2690 est
627 2626 688 2691 hac
716 2625 850 2690 animali
873 2627 1084 2710 spirabilique
1106 2648 1169 2692 na-

159 2717 246 2796 tura,
273 2716 324 2777 eui
346 2736 464 2778 nomen
487 2718 537 2778 est
560 2719 628 2798 a‘e'r,
651 2713 809 2778 Graecum
831 2713 912 2778 illud
934 2714 1077 2798 quidem,
1106 2716 1171 2781 sed

159 2805 348 2885 perceptum
370 2802 436 2865 iam
457 2804 568 2866 tamen
590 2823 650 2865 usu
673 2824 693 2866 a
714 2802 848 2884 nostris3
870 2801 986 2865 tritum
1008 2804 1060 2865 est
1077 2803 1172 2868 enim

159 2910 219 2971 pro
237 2888 363 2952 Latino.
395 2887 489 2953 Hunc
507 2911 617 2953 rursus
636 2890 843 2972 amplectitur
861 2889 1026 2953 inmensus
1040 2889 1172 2976 aether,

161 2976 216 3058 qui
239 2979 368 3040 constat
386 2997 424 3040 ex
443 2977 767 3061 altissrmrs1gnibus.
804 2975 989 3040 Mutuemur
1004 2975 1070 3041 hoc
1089 2998 1173 3061 quo-

161 3083 222 3143 que
250 3065 396 3148 verbum,
424 3064 611 3147 dicaturque
639 3069 708 3128 tam
737 3063 879 3128 ‘aether'
909 3062 1037 3148 Latine,
1067 3086 1174 3149 quam

161 3148 278 3212 dicitur
301 3156 364 3233 air,
388 3151 450 3215 etsi
471 3152 704 3235 interpretatur
726 3150 901 3217 Pacuvius:

226 3250 319 3334 Hoc,
351 3254 450 3336 quod
481 3277 661 3340 memoro,
696 3256 825 3320 nostri
857 3256 1019 3340 caelum,
1056 3255 1177 3326 Graii

706 3428 715 3442 η
738 3343 948 3428 perhibent
970 3343 1156 3433 aethera3

160 3445 255 3531 quasi
278 3466 355 3511 vero
377 3466 444 3510 non
458 3445 574 3512 Graius
596 3448 659 3513 hoc
682 3448 775 3513 dicat.
810 3448 857 3512 At
874 3448 990 3513 Latine
1012 3450 1179 3535 loquitur.
